2946 4870
233 307 274 368 24

234 483 384 570 otrpsire:
415 479 471 546 ubi
492 477 568 546 Par.
591 479 691 566 „ersa
711 480 901 568 inponerent
920 493 954 546 te
975 480 1037 546 te.“
1079 481 1177 570 Epid.
1198 483 1216 548 Ι
1238 489 1267 564 l,
1288 483 1336 548 76

234 590 352 658 tacitus
373 586 458 653 idem
478 587 576 654 habet
732 671 739 679 ἱ
1245 587 1251 596 ’

278 670 425 786 elpidius,
447 693 509 760 uisi
531 693 610 784 quld
630 694 690 760 tibi
710 693 744 759 in
764 706 819 761 tete
840 695 981 775 auxilist,
1003 700 1171 766 absumtus
1190 716 1225 762 es

234 807 290 892 (de
310 804 401 872 hiatu
423 803 550 870 solliciti
570 825 636 870 non
658 803 776 870 erimus
797 803 1023 892 relegentes),
1052 815 1084 872 et
1105 828 1137 872 v.
1159 809 1199 870 88
1221 803 1332 891 speeie

234 925 376 982 ceterum
397 912 513 978 vitiosa
535 935 542 976 :

276 1021 362 1104 Quia
382 1029 419 1085 tu
440 1031 493 1084 tete
513 1017 643 1084 deseris
687 1014 774 1097 Quid
793 1015 934 1082 faeiem?
961 1015 1039 1083 Men
1059 1027 1094 1084 tu
1115 1016 1237 1106 rogas?

234 1130 321 1196 exB
345 1125 420 1194 etc
442 1124 567 1192 dedisse
588 1147 622 1190 se
643 1133 781 1192 testetur
802 1123 873 1208 (ubi
894 1125 988 1192 faeile
1010 1125 1153 1192 scribas:
1174 1127 1331 1206 Qutanam
1460 1119 1461 1158 ³

233 1250 290 1304 tute
310 1235 427 1302 de'seris
448 1238 500 1300 te?
521 1234 560 1301 el.
582 1233 679 1299 Truo.
694 1232 713 1298 I
727 1239 756 1316 2,
772 1233 837 1317 34).
882 1233 936 1298 Ad
949 1233 1048 1300 Poen.
1066 1233 1122 1300 ΠΙ
1136 1237 1165 1318 6,
1183 1240 1211 1317 l,
1232 1255 1332 1323 quem

99 1335 122 1364 “
233 1343 329 1412 Bita
358 1342 495 1430 praebet
525 1365 533 1407 ε
562 1341 684 1429 Apetwr
710 1339 899 1426 praerodere
929 1353 1077 1406 attentes
1108 1343 1228 1407 effluunt
1257 1346 1332 1407 tetre
1460 1359 1461 1364 ’

233 1455 324 1520 tenire
336 1450 437 1540 forae
457 1449 581 1517 Pareus
603 1455 766 1515 annotat:
789 1446 817 1514 C
840 1461 886 1532 „te
907 1447 1021 1514 ietlsa'ae
1034 1447 1169 1534 forns“,
1191 1447 1244 1515 alii
1264 1461 1330 1516 tete.

233 1560 374 1648 Refinge
394 1579 551 1624 versum:
1129 1611 1132 1618 ,

275 1660 360 1755 A'ge
380 1677 416 1734 tu
437 1664 642 1754 progredere,
663 1667 700 1728 dt
720 1675 748 1729 te
767 1671 866 1728 testes
881 1661 1013 1729 videant
1033 1663 1099 1730 eire
1120 1663 1217 1730 istinc
1231 1663 1330 1732 fores.

235 1777 353 1864 Neque
375 1773 450 1842 Cas.
473 1773 492 1838 Ι
512 1779 533 1836 4
555 1773 663 1856 „Quin
683 1770 820 1835 nostrimet
838 1769 914 1835 mili
935 1770 1039 1850 Quasi
1055 1771 1182 1855 umbro,
1212 1796 1331 1860 queque

233 1883 294 1949 ibis
315 1894 363 1966 tn,
390 1894 417 1946 te
435 1879 598 1966 persequd‘
630 1877 843 1944 desideratam
872 1878 1033 1966 syllabam
1065 1879 1228 1968 duplicato
1257 1903 1332 1969 pro·
1460 1869 1461 1940 l

234 1989 364 2057 nomine
395 1989 571 2069 lucremur,
608 1985 664 2052 sed
695 1985 899 2052 scribamus:
929 1985 1055 2072 „Quasi
1073 1987 1190 2071 timbre,
1212 2011 1332 2076 quoqne

235 2100 292 2164 itis
313 2109 379 2176 tete,
400 2097 456 2162 ibi
473 2107 507 2160 te
523 2093 698 2182 pe‘reepnt“
743 2093 945 2182 Spreverunt
959 2095 1155 2163 Ritsehelius
1169 2105 1203 2163 et
1217 2097 1331 2164 Fleck-

236 2206 362 2274 eisenus
384 2204 565 2292 geminatus
585 2201 706 2270 formas
727 2202 876 2271 Bentleio
898 2224 964 2270 non
984 2203 1193 2292 improbatas,
1217 2205 1272 2294 qui
1293 2215 1330 2274 ut

235 2314 373 2402 Adelph.
396 2313 414 2378 Ι
439 2319 464 2396 1,
487 2318 505 2377 8
528 2334 600 2378 eum
621 2311 736 2378 Bemb.
759 2320 792 2377 et
812 2311 881 2378 aliis
902 2310 1020 2378 dedit:

278 2421 363 2506 „Aut
383 2420 458 2485 te'te
479 2425 579 2485 amari
597 2432 651 2484 aut
669 2421 781 2506 potore
801 2431 892 2508 atque
910 2423 1010 2486 auimo
1030 2419 1188 2506 ddsequi“,

237 2535 270 2594 et
291 2549 364 2592 oum
384 2526 499 2592 Bemb.
521 2526 649 2592 Phorm.
672 2527 725 2594 ΠΙ
750 2532 776 2609 1,
799 2531 817 2590 3
838 2550 846 2592 ε

277 2623 396 2720 „A'le'oa
427 2645 509 2698 tuum
539 2655 603 2698 rem
633 2631 790 2698 ere‘dsdisti
824 2633 921 2722 mdpia
954 2655 1045 2720 quem
1081 2645 1152 2700 tete
1189 2635 1331 2702 animod-

931 2741 1130 2826 oereuros?“,
1460 2809 1461 2812 ,

235 2851 281 2918 ite
302 2851 334 2918 in
357 2851 540 2939 fragmento
566 2848 694 2936 Plauti,
722 2849 809 2937 quod
835 2849 920 2940 apud
945 2849 984 2916 R.
1006 2850 1126 2922 Bacch.
1149 2856 1189 2916 32
1210 2859 1267 2934 est,
1290 2851 1332 2918 ed

236 2959 311 3024 Ter.
337 2959 419 3025 Heo.
442 2957 504 3034 111,
521 2965 558 3042 1,
581 2965 620 3024 33
649 2971 676 3024 te
706 2958 870 3047 duplieeto
903 2959 1044 3026 seribere
1072 2958 1212 3025 maluit:
1236 2957 1330 3044 „For

236 3070 313 3132 uisse
341 3077 397 3130 tete
417 3070 523 3131 ametro
543 3067 771 3152 suspiedrier“,
804 3088 918 3155 quam,
949 3067 981 3132 id
1005 3068 1092 3155 quod
1119 3067 1162 3132 R.
1184 3066 1261 3132 feeit
1282 3065 1332 3132 ted

236 3172 415 3239 admittere.
461 3170 641 3256 (Pessimus
663 3183 770 3240 eutem
792 3173 879 3238 omni
906 3174 1083 3240 mutatione
1111 3174 1331 3262 supersedere,
1447 3195 1450 3204 ’

236 3279 263 3346 si
285 3278 381 3344 finem
403 3286 435 3344 et
457 3279 626 3346 exordium
643 3279 777 3367 jambiei
807 3281 979 3368 septenarii
1007 3281 1188 3368 fragmento
1220 3292 1330 3349 nostro

238 3387 323 3454 effici
344 3385 512 3453 statuimus
538 3408 546 3450 :
576 3390 739 3472 „Fortense
769 3389 819 3455 Te
846 3391 951 3454 amere
978 3389 1216 3476 suspiedre'er“).
1259 3391 1331 3456 Nee

236 3519 302 3563 non
324 3495 424 3565 Poen.
447 3493 465 3560 Ι
486 3499 520 3578 2,
545 3500 602 3562 185
625 3519 645 3562 a
666 3495 771 3563 Pareo
802 3506 915 3566 eontra
939 3496 1031 3564 eodd.
1053 3498 1216 3585 geminato
1244 3511 1271 3564 te
1297 3498 1331 3564 in

236 3603 417 3672 tetrametri
431 3602 567 3692 jambiei
594 3625 614 3669 a
638 3603 810 3672 troehaiois
838 3604 954 3672 inelusi
982 3605 1122 3694 speeiem
1144 3605 1213 3672 sine
1234 3627 1332 3672 eausa

236 3720 396 3779 mutatum
417 3713 458 3779 ad
478 3711 615 3799 Adelph.
636 3711 686 3778 IV
708 3717 736 3796 2,
758 3715 798 3777 52
820 3714 915 3779 affert
935 3722 968 3779 et
989 3712 1062 3781 Ges.
1084 3713 1102 3779 I
1123 3717 1164 3780 50
1185 3712 1225 3780 ed
1247 3713 1330 3778 Eun

236 3817 341 3902 1115,
367 3825 403 3884 12
424 3820 485 3886 hae
506 3820 643 3908 speeie:
668 3817 739 3886 Seue
759 3821 869 3886 nmdbo
889 3831 964 3886 tete
984 3822 1104 3901 omdrs',
1125 3845 1210 3888 meus
1224 3819 1332 3909 ferleia

237 3927 306 3994 dies
336 3926 382 4010 (v.
403 3949 435 4013 p.
459 3930 524 4009 38).
587 3926 738 3995 Ceterum
767 3927 979 4016 paragogieas
1010 3929 1130 3996 formes
1163 3938 1195 3995 et
1226 3928 1331 3995 obiter

227 4033 365 4104 nitendo
386 4033 437 4120 (ut
451 4034 492 4100 ed
508 4033 593 4102 Eun.
608 4037 643 4102 ΙΙ
658 4042 687 4120 3,
703 4038 757 4122 65)
780 4045 812 4102 et
833 4035 951 4102 diserte
971 4036 1153 4125 profitendo
1176 4036 1232 4121 (ed
1246 4037 1329 4102 Eun.

236 4141 269 4210 V
290 4147 319 4228 2,
339 4143 373 4228 o)
396 4141 538 4231 agnovit.
559 4180 599 4190 —
621 4144 739 4232 Neque
760 4166 836 4214 vero
858 4141 952 4212 nobis
973 4143 1135 4214 sufficiunt
1155 4145 1228 4230 loei,
1249 4168 1330 4232 quos

781 4476 844 4497 ..Ab
