2946 4870
242 351 286 412 40

241 525 375 607 Contra,
397 524 474 592 dum
496 523 636 590 certiora
658 521 699 588 de
720 519 870 590 Sotadeis
892 520 1022 588 comicis
1051 529 1107 587 aut
1128 519 1368 586 concedendis
1440 571 1441 612 ,

244 643 300 702 aut
314 631 515 722 denegandis
531 631 637 698 edocti
653 630 780 714 erimus,
802 651 922 718 sequor
935 629 1159 694 Hermannum
1180 628 1233 694 El.
1258 627 1291 694 d.
1310 651 1363 692 m.

244 765 274 830 p.
296 743 358 808 458
379 739 499 826 Amph.
525 743 584 804 163
605 761 675 826 sqq.
700 759 738 802 eo
758 746 861 804 metro
885 735 1152 805 describentem:

445 848 539 914 Haec
560 846 606 912 eri
627 845 831 914 immodestia

445 954 542 1042 Oegit
562 975 624 1038 me,
647 954 702 1042 qui
722 954 783 1018 hec
804 953 909 1018 nectis
931 975 950 1018 a
971 955 1066 1040 pertu

444 1052 607 1148 l'ngretiis
628 1061 750 1126 excitat
769 1085 777 1127 :
798 1081 906 1126 nonne
928 1058 1014 1125 idem
1035 1095 1092 1141 -,

245 1181 282 1238 ut
311 1170 394 1254 mod,
424 1167 511 1258 quod
537 1167 743 1236 baechiorum
771 1189 903 1234 suorum
930 1168 1038 1255 gratia
1066 1165 1107 1234 de
1133 1188 1192 1234 suo
1222 1166 1361 1234 addidit

246 1279 386 1346 mesu:

444 1384 477 1452 A
498 1388 594 1473 portu
613 1384 688 1452 med
708 1383 857 1470 ingratiis
877 1380 1031 1448 excitavit

248 1515 329 1580 opus
350 1515 416 1558 non
439 1492 481 1558 sit
501 1491 668 1560 asciscere.
1437 1553 1439 1580 ,

328 1599 426 1668 Most.
450 1609 558 1668 autem
579 1605 640 1665 322
670 1599 737 1665 sive
758 1598 940 1664 trimetrum
966 1596 1178 1663 bacchiacum
1206 1619 1285 1662 cum
1308 1597 1354 1662 R.
1437 1581 1439 1660 l

247 1708 447 1776 statuimus:

443 1813 546 1880 Visne
567 1816 630 1900 ego
651 1823 683 1878 te
705 1836 742 1880 ae
764 1823 800 1879 tu
821 1813 894 1878 med
911 1810 1136 1900 amplectere?

247 1921 310 2006 (ma
331 1920 419 2004 libri)
441 1920 510 1985 sive
536 1921 712 2008 praemisso
735 1919 879 1985 Debebaa
906 1928 1131 1986 tetrametrum
1160 1940 1234 1984 cum
1263 1919 1351 1984 Her-

247 2050 381 2112 manno,
412 2037 446 2094 et
476 2037 606 2094 nostrae
635 2027 752 2094 rationi
780 2028 984 2094 consulemus
1013 2049 1121 2114 noque
1149 2027 1349 2116 oppositioni

246 2136 459 2204 inservientes
481 2144 634 2204 accentus
655 2133 923 2224 abstergebimus,
946 2135 973 2200 si
993 2135 1139 2222 legemus
1162 2160 1170 2199 :

447 2243 548 2311 Visne
569 2248 633 2332 ego
654 2254 686 2311 te
707 2257 797 2331 atque
819 2248 855 2310 te
874 2267 924 2308 me
945 2243 1153 2330 amplectere.

249 2351 397 2438 Mederpa
425 2331 574 2420 Handius
598 2352 734 2418 Turseli
757 2351 883 2418 11440.
918 2349 1035 2416 Vossio
1057 2350 1098 2415 de
1120 2359 1189 2416 arte
1211 2373 1343 2437 gramm.

248 2457 285 2523 H
309 2464 347 2523 14
376 2469 408 2524 et
435 2459 579 2526 Meursio
608 2459 704 2526 fidem
726 2458 839 2526 habuit
860 2480 930 2525 esse
951 2458 1015 2524 duo
1039 2459 1169 2524 nomina
1192 2457 1344 2545 composi·

248 2564 335 2632 tione
363 2565 397 2630 in
417 2588 517 2630 unum
545 2567 732 2653 conjuncta,
762 2575 798 2632 ut
817 2565 918 2632 redeo.
963 2563 1029 2632 Sed
1050 2566 1130 2634 siin
1151 2565 1344 2653 anastrophe

249 2672 368 2740 dicitur
389 2694 462 2738 cum
485 2672 615 2739 elisione
637 2684 664 2738 te
686 2696 762 2762 erpa
788 2669 866 2762 Cap.
890 2677 960 2757 245,
983 2697 1029 2738 me
1050 2697 1122 2760 erpa
1142 2679 1205 2738 416
1226 2681 1258 2738 et
1279 2695 1343 2740 sae·

248 2783 335 2870 pius,
366 2781 444 2872 quid
470 2791 519 2848 est
546 2804 604 2848 eur
629 2804 696 2849 non
718 2805 798 2871 quos
825 2803 936 2849 versus
957 2791 1060 2848 metro
1081 2783 1178 2871 plane
1200 2791 1343 2851 carentes

249 2889 278 2956 B
300 2901 333 2958 et
354 2891 422 2958 rell.
444 2890 527 2957 Pall.
563 2890 659 2978 Epid.
680 2891 736 2958 HI
757 2897 786 2974 3,
809 2895 828 2956 9
849 2890 1020 2979 praebent,
1049 2889 1095 2958 sic
1115 2890 1343 2978 corrigamus:
1440 2973 1441 2978 ἵ

349 2996 452 3077 Quasi
474 3001 613 3085 egomet,
636 3000 691 3086 qui
713 2998 789 3065 dum
810 2998 858 3065 fssi
879 3022 975 3066 causa
997 3001 1169 3086 coeperam

348 3104 547 3172 Excreciare
568 3129 620 3171 me
641 3107 747 3188 enimi,
770 3107 862 3196 quasi
884 3108 961 3196 quid
975 3106 1069 3172 'filius

348 3209 444 3276 Meus
464 3210 652 3301 deliquisset
672 3237 721 3280 ma
742 3217 828 3302 erpo,
849 3226 906 3282 aut
921 3215 1014 3303 quasi
1027 3237 1091 3282 non
1107 3217 1289 3303 plerumum
1302 3253 1342 3264 --

251 3317 335 3404 (med
355 3342 432 3409 erpa
451 3318 550 3402 libri).

331 3427 425 3494 Asin.
448 3433 498 3493 20.
533 3427 608 3493 Par.
631 3436 664 3494 et
685 3427 796 3496 Fleck.
820 3429 965 3496 scribunt

400 3535 438 3604 Si
459 3536 538 3627 quid
558 3536 629 3602 med
648 3562 724 3628 erpo
745 3546 780 3602 tu
802 3537 897 3604 hedie
919 3539 1035 3606 falsum
1057 3537 1176 3604 dixeris

250 3642 338 3725 (med
358 3643 397 3729 B,
419 3657 485 3724 met,
505 3670 553 3712 me
573 3644 640 3710 rell.
656 3657 687 3710 ta
708 3646 836 3711 inclusit
850 3647 881 3712 h.
897 3669 923 3711 e.
940 3648 979 3713 de
995 3670 1053 3712 suc
1070 3646 1194 3714 addidit
1207 3645 1336 3730 Fial).

248 3747 438 3818 Reddamus
457 3753 534 3819 huic
556 3751 662 3820 versui
683 3755 859 3842 antiquam,
880 3763 917 3820 ut
937 3738 1020 3820 Mar.
1036 3754 1194 3823 Victorin.
1217 3780 1248 3844 p.
1264 3759 1335 3821 2457

249 3854 364 3941 tradit,
398 3870 430 3926 et
461 3861 576 3927 Plauto
605 3887 625 3929 a
653 3860 798 3950 Bergkio
825 3861 942 3927 Diurn.
971 3862 1084 3953 Antiq.
1115 3865 1193 3930 1855
1225 3886 1256 3950 p.
1282 3867 1332 3928 291

249 3961 357 4028 multis
379 3965 458 4030 locis
479 3969 663 4037 restitutam
684 3971 819 4037 formam
838 3970 958 4036 boeedie
979 3995 987 4036 ε

402 4069 439 4140 Si
460 4073 538 4161 quid
559 4085 595 4141 tu
619 4101 664 4142 me
685 4101 759 4164 erpa
779 4075 897 4146 locedia
917 4077 1033 4144 falsum
1055 4074 1184 4144 dixeris.
