2946 4870
243 361 282 424 14

240 536 313 604 libri
334 537 489 624 praebent
504 561 584 620 sem,
607 538 664 604 ssd
684 561 748 604 non
768 539 815 604 itu
828 537 985 621 affectent,
1007 547 1044 604 ut
1060 547 1229 626 expectem
1252 540 1338 606 eodi-

241 644 331 712 eibus
352 653 385 712 et
405 667 464 712 sex
484 645 650 712 minimum
671 646 872 712 saeculorum
893 646 1061 712 intervallo
1080 645 1273 713 distantibus
1294 648 1338 714 ab

241 750 478 840 antiquissimo,
511 753 567 840 qui
587 774 653 818 non
673 752 771 820 habet
791 761 958 840 suspectus
978 752 1113 836 fermus,
1136 753 1248 842 eisque
1268 777 1336 820 non
1359 747 1364 762 ²

241 881 314 930 eum
342 861 481 942 ustione,
511 872 548 926 nt
578 860 723 942 videtur,
754 859 811 926 sed
832 883 927 944 essu,
956 860 1177 948 neglegentia,
1209 863 1338 928 inseitiu

242 968 478 1036 exhibentibus.
527 970 643 1056 Itaque
677 977 802 1034 tentum
834 968 936 1050 abest,
967 977 1004 1033 ut
1036 968 1115 1036 loeis
1150 969 1337 1056 adjumento

240 1075 368 1145 illorum
381 1074 499 1142 relictis
513 1075 734 1162 integritatem
748 1075 929 1142 restitutam
946 1074 1145 1161 judicemus,
1167 1086 1203 1142 ut
1223 1087 1336 1144 eontra

239 1183 416 1250 remedium
448 1183 553 1270 ipsum
585 1184 752 1250 antidoton
792 1183 1010 1251 adhibendum
1041 1203 1238 1250 censeamus.
1290 1185 1336 1252 Et

241 1301 317 1358 sunt
337 1291 459 1380 uliquot
478 1292 556 1375 loei,
578 1291 612 1357 in
633 1291 749 1380 quibus
770 1290 807 1358 at
828 1290 975 1377 semesae
998 1289 1169 1377 φροντίδες
1190 1291 1336 1360 Ritsehe-

239 1397 315 1472 lium
337 1411 369 1466 et
389 1399 634 1468 Fleckeisenum
651 1399 737 1487 ipsos
752 1408 931 1483 moverunt,
954 1408 990 1464 ut
1002 1400 1121 1466 menda
1134 1401 1188 1466 vel
1203 1400 1334 1468 omnino

238 1528 304 1574 non
325 1509 456 1576 subesse
476 1510 530 1575 vel
556 1509 637 1592 alio,
670 1532 767 1597 quum
798 1509 889 1597 prius
916 1516 1130 1597 putaverant,
1161 1508 1234 1576 loeo
1263 1529 1335 1575 esse

240 1617 426 1706 quaerenda
456 1618 694 1704 profiterentur.
734 1617 786 1681 Ita
814 1639 887 1682 eum
915 1617 947 1682 in
977 1615 1116 1684 editione
1137 1615 1334 1682 Ritsehelius

238 1725 308 1791 Mil.
329 1729 388 1790 511
411 1723 591 1810 scripsisset

299 1831 376 1898 Med
398 1831 583 1919 expurgare
603 1831 663 1898 tibi
683 1829 814 1897 videtur
833 1831 969 1919 sequius

238 1939 330 2024 (Mea
349 1938 409 2022 Bu,
431 1963 479 2004 me
498 1938 582 2026 rell.)

238 2045 356 2112 Bacch.
381 2051 461 2110 1020

298 2152 377 2220 Med
397 2151 585 2240 6bjurgavit
605 2149 750 2241 plurimis
771 2151 879 2217 verbis
901 2150 994 2220 melis

237 2262 308 2346 (Me
336 2261 439 2326 libri:
461 2283 543 2349 quos
571 2260 732 2348 simplices
762 2259 884 2324 formas
913 2261 1032 2327 habers
1061 2261 1095 2324 in
1123 2261 1332 2347 sequentibus

235 2369 382 2436 versibus
403 2369 504 2436 allatis
527 2393 569 2435 ex
590 2367 716 2434 silentio
737 2377 847 2434 nostro
871 2367 1073 2454 colligetur),
1100 2366 1331 2434 Fleckeisenus

237 2475 331 2564 Oept.
353 2481 414 2541 620

277 2580 336 2650 Set
356 2582 495 2670 primum
514 2583 577 2648 hoe
596 2583 671 2649 med
692 2584 876 2669 expurgare
898 2581 956 2648 tibi
982 2581 1073 2664 volo,
1101 2603 1153 2647 me
1173 2569 1330 2649 instniem

276 2691 355 2760 N6n
375 2701 486 2758 tenere

235 2800 336 2887 (βοῶ
359 2801 415 2868 lwc
437 2801 579 2886 menum
606 2823 655 2866 me
674 2799 762 2886 esp!¹
804 2797 880 2864 Pur.
904 2807 1016 2864 tenens
1041 2797 1083 2864 de
1103 2797 1213 2883 codd.)
1236 2800 1331 2886 :jam

235 2909 405 2977 Ritsehelii
435 2931 571 2976 acumen
601 2907 769 2995 indagavit
794 2906 878 2988 (Iud.
901 2907 974 2974 lect.
996 2907 1101 2972 Bonn.
1127 2906 1329 2994 18541591)τί-

234 3016 352 3082 marius
373 3016 545 3082 verborum
553 3018 733 3103 puripursdr'
750 3025 782 3080 et
794 3016 965 3102 yisrs'pands'
981 3013 1101 3078 formes
1117 3013 1147 3078 h.
1162 3013 1182 3078 1
1211 3014 1328 3081 Plauto

234 3122 413 3188 reddendus
432 3145 511 3205 esse,
533 3133 569 3188 ut
592 3169 608 3208 „
609 3123 722 3208 fulcro
741 3122 954 3210 paraqops'eas
974 3121 1008 3184 D
1029 3121 1149 3186 litterae
1170 3145 1328 3208 opusnest

233 3231 287 3298 εῖτιι
310 3229 356 3316 (p.
377 3228 470 3311 VII).

315 3343 346 3404 8.
386 3336 503 3402 Altera
534 3343 642 3400 autem
674 3332 875 3416 observatio,
908 3355 973 3420 qua
1002 3335 1054 3400 usi
1085 3335 1201 3422 majori
1230 3336 1327 3403 etism

233 3444 429 3515 multitudini
455 3465 607 3510 versuum
637 3443 794 3530 genuinos
821 3441 1022 3508 accusativos
1042 3441 1257 3526 restituemus,
1279 3456 1328 3510 est

233 3552 454 3637 Fleckeiseni‚
486 3550 542 3640 qui
571 3551 802 3637 monosyllabis
830 3549 987 3634 majorem
1022 3549 1132 3617 hisndi
1163 3551 1326 3620 licentium

235 3664 393 3732 noncessit
410 3662 470 3748 ’(ν.
492 3658 592 3726 Jahni
618 3656 734 3723 Annsl.
756 3655 839 3721 LXI
867 3679 898 3743 p.
920 3663 960 3722 49
982 3662 1084 3745 sqq.),
1116 3657 1163 3724 its
1193 3669 1230 3724 ut
1260 3683 1326 3726 non

233 3772 339 3854 modo,
363 3772 390 3838 si
410 3793 484 3836 eum
503 3765 594 3834 brevi
614 3763 810 3851 insequentis
831 3761 919 3828 vonis
941 3764 1065 3851 syllsbu
1085 3767 1171 3832 arsin
1185 3767 1325 3833 solutum

235 3879 405 3961 efficiunt,'
421 3877 479 3944 sed
499 3898 540 3943 ne
561 3874 594 3940 in
613 3872 697 3940 thesi
718 3868 849 3959 quidem
870 3871 1010 3938 debeant
1027 3874 1209 3938 *coalescere
1229 3896 1237 3937 τ
1260 3897 1326 3962 que

235 3991 275 4058 de
302 4011 338 4056 re
357 4007 553 4075 quamquam
581 4005 646 4048 non
672 3978 831 4068 persuasit
858 3977 1035 4046 Ritschelio
1057 3980 1102 4064 (v.
1123 3978 1232 4046 Prsef.
1256 3980 1325 4046 Me

235 4097 380 4166 neeehm.
401 4118 433 4183 p.
449 4091 508 4180 X),
531 4088 783 4156 consentientem
801 4085 899 4150 hebet
913 4082 1107 4152 Gorssenum
1120 4087 1161 4150 A.
1175 4086 1217 4152 V.
1232 4087 1272 4154 B.
1287 4089 1324 4154 H

240 4207 392 4276 191.197.
429 4197 562 4272 Induxit
582 4195 683 4284 igitur
706 4192 823 4261 iterum
844 4191 876 4256 D
897 4189 1126 4258 Fleckeisenus
1146 4191 1241 4282 Oept.
1263 4201 1323 4264 563
