2946 4870
1170 401 1209 462 29

5 595 24 632 1·
111 578 282 646 videbatur
302 615 359 660 -,
383 578 435 643 vel
463 582 535 644 loce
561 579 656 644 noctis
684 578 863 643 conicerem
884 601 892 642 ι
914 599 967 644 eas
996 577 1103 667 sprevi
1129 599 1208 666 prae

112 709 159 765 ea,
182 707 280 772 quam
301 707 319 750 e
340 686 525 774 corruptela
549 685 706 751 librorum
727 683 896 751 Diomedis
917 707 947 772 p.
969 692 1028 751 441
1053 709 1060 751 =
1082 683 1165 772 qaod
1184 697 1211 750 et

111 793 167 858 boe
194 795 252 877 ts's,
281 792 362 880 quod
389 805 435 858 eet
459 793 557 859 bosus
586 815 698 858 eruere
727 792 803 858 licet
824 817 831 858 :
856 793 925 870 Quo
952 804 979 857 tc
1006 797 1078 857 istoc
1106 797 1208 858 ucetia

111 901 203 967 Idem
230 900 310 967 illud
332 902 390 966 iste
409 899 513 983 inre,
544 923 628 989 quae
650 900 692 969 ad
709 901 870 968 hominem
892 900 1119 990 compellatum
1140 922 1210 988 spe·

112 1018 187 1092 ctat,
209 1007 406 1075 restituimus
427 1008 547 1074 Bacch.
573 1013 630 1074 113
653 1033 662 1073 :
854 1015 856 1019 ’

287 1114 362 1196 Quo
384 1138 469 1181 nunc
492 1115 634 1203 capessis
655 1127 683 1180 te
703 1116 775 1182 laiac
795 1115 932 1181 advorsa
952 1113 1035 1180 via?

111 1223 203 1311 Lege
223 1225 327 1302 duum
356 1247 430 1290 nam
458 1225 499 1290 ab
521 1223 622 1290 altera
643 1221 715 1289 viae
742 1232 835 1312 parte
859 1223 991 1290 festinat
1012 1221 1211 1289 Pistoclerus

114 1339 147 1396 et
168 1329 417 1416 respondentem
438 1329 511 1396 Hac
534 1331 639 1396 denuo
663 1330 808 1418 increpat
829 1329 941 1416 Lydus
964 1356 971 1396 :
995 1329 1108 1417 ,Quid
1124 1330 1212 1395 bec?

112 1438 183 1524 quis
204 1438 297 1502 istic
318 1437 451 1503 babet?“

199 1547 244 1611 17.
281 1544 365 1612 Aliis
385 1544 531 1612 versibus
546 1544 675 1630 jactura
693 1544 845 1632 syllabae,
867 1566 965 1631 quam
978 1544 1094 1611 hausta
1107 1547 1212 1613 vocali

112 1651 201 1720 finali
233 1651 430 1741 pronominis
462 1651 636 1720 accusativi
666 1652 828 1735 fecerunt,
859 1651 1082 1721 reconcinnari
1115 1655 1211 1722 facile

113 1769 222 1849 potest
242 1761 441 1828 nominativo
463 1772 494 1826 tc
514 1760 651 1846 adjecto.
696 1759 751 1827 Sic
767 1760 863 1826 Most.
883 1764 960 1827 1175
983 1758 1211 1829 Callidamates

112 1877 284 1957 postquam
305 1889 435 1934 servum
456 1867 542 1934 mala
562 1867 760 1934 conscientia
782 1866 914 1932 anisium
930 1876 961 1934 et
976 1868 1017 1935 de
1031 1891 1090 1934 sua
1104 1870 1209 1936 salute

114 1974 339 2064 desperantem
366 1975 505 2064 ideoque
531 1975 693 2044 obstinata
726 1975 899 2041 insolentia
926 1997 998 2044 sese
1026 1976 1210 2043 efferentem

113 2084 233 2149 frustm
252 2084 377 2152 monuit
397 2093 434 2150 ut
454 2083 643 2171 quiesceret,
665 2082 826 2148 convertit
847 2083 1026 2150 orationem
1042 2084 1083 2150 ad
1097 2085 1211 2151 herum

113 2189 233 2258 iratum

112 2328 113 2332 ¹
155 2297 261 2383 (Nlhil
283 2307 379 2387 opust
398 2298 545 2386 profecto
561 2299 599 2383 ss)
622 2298 697 2384 Age
712 2298 791 2385 jam,
814 2303 884 2364 stne
904 2309 937 2364 tc
957 2311 985 2364 te
999 2299 1170 2366 exorarier.

115 2404 178 2474 Cui
206 2406 278 2472 loeo
307 2405 463 2493 gemellus
491 2415 541 2471 est
568 2405 708 2472 Poen.I
735 2413 768 2488 2,
799 2407 874 2489 167,
904 2405 962 2474 ubi
990 2427 1118 2489 servus,
1145 2407 1211 2493 qui,

114 2514 177 2580 nisi
204 2512 438 2602 Adelphasium
465 2513 542 2578 hero
562 2511 735 2602 propitiam
755 2512 868 2597 faciat,
896 2513 989 2581 timet
1009 2535 1051 2581 ne
1072 2513 1229 2581 verberi·¹
1302 2594 1304 2598 ¹

114 2623 175 2690 bus
198 2622 359 2706 caedatur,
380 2619 415 2688 in
435 2620 489 2687 illa
512 2621 580 2688 sola
602 2643 692 2710 spem
714 2621 827 2687 salutis
847 2621 969 2690 habens
991 2632 1169 2711 precatur:

165 2729 385 2811 Quamobrem
399 2731 525 2814 amabo,
546 2731 620 2796 mea
633 2729 795 2817 voluptas,
817 2734 887 2795 stne
901 2740 933 2794 tu
946 2741 974 2796 te
989 2730 1163 2796 exorarier.

116 2838 218 2907 Stich.
243 2843 301 2905 756
321 2847 530 2926 posteaquam
560 2835 691 2904 Stichus
712 2838 861 2919 amicam,
890 2836 931 2902 ad
954 2859 1051 2925 quam
1074 2859 1213 2902 commu·

115 2969 181 3040 nes·
196 2957 350 3014 exercent
371 2967 495 3012 amores
516 2945 661 3024 homines
688 2945 773 3023 belli,
802 2945 920 3012 saltare
937 2943 1051 3031 jussit,
1082 2941 1212 3031 Sagari-

5 3127 6 3132 1
116 3077 194 3121 num
214 3077 280 3122 110ss

177 3162 365 3250 Ntmquam
386 3160 502 3251 edepol
521 3161 593 3228 med
611 3165 685 3228 isare
705 3160 825 3247 vinces,
847 3166 926 3252 quin
948 3183 1009 3249 ego
1031 3159 1150 3228 ibidem

821 3269 964 3358 prdriam

117 3379 278 3464 (mediatae
307 3379 354 3463 B,
382 3402 431 3445 me
458 3379 533 3444 dator
559 3377 655 3465 rell),
685 3377 741 3445 sed
770 3388 986 3466 opponentem
1014 3399 1049 3443 se
1071 3375 1212 3444 Sticho:

117 3511 193 3572 „me
213 3489 290 3553 istoc
318 3501 358 3552 tu
385 3488 502 3552 abaco!
531 3485 702 3574 ingessisse
724 3487 847 3575 opinor.
870 3484 989 3552 Pseud.
1012 3490 1073 3550 240
1103 3486 1212 3570 (quem

115 3617 146 3659 v.
161 3593 205 3661 G.
220 3594 427 3661 Hermannus
448 3595 488 3662 de
510 3594 620 3662 metris
640 3617 673 3683 p.
695 3597 750 3659 121
775 3593 992 3682 septenarium
1013 3589 1212 3659 trochaicum

116 3725 187 3770 esse
208 3701 327 3787 voluit,
355 3701 450 3770 simul
472 3726 603 3787 curans,
635 3715 688 3788 ,ut
705 3703 832 3788 opicum
859 3702 940 3769 illud
966 3699 1051 3766 med
1078 3699 1211 3784 coitum,

114 3835 174 3898 qao
196 3812 330 3898 parcius
359 3813 468 3896 aiam,
497 3836 588 3900 quam
608 3811 658 3876 vel
677 3812 778 3878 Reae
798 3811 899 3876 visam
921 3821 979 3887 est,
1007 3809 1137 3876 Plautus
1156 3811 1211 3877 uti-

115 3919 207 4005 w),
236 3918 268 3984 in
290 3919 506 4006 jambicorum
527 3918 771 3986 continuitatem
794 3916 885 3984 codd.
914 3917 1055 4005 pressius
1082 3927 1212 3985 secutus

114 4027 241 4115 redegit
263 4027 294 4094 R
315 4053 323 4093 r

155 4135 263 4220 Mane,
285 4141 389 4221 mene,
405 4137 475 4225 jam
495 4145 531 4202 ut
545 4145 581 4202 tu
595 4136 662 4200 med
682 4136 755 4198 esse
769 4131 869 4217 voles,
891 4133 937 4199 ita
952 4137 1006 4199 ero
1027 4156 1049 4199 ::
1072 4132 1169 4200 Nunc

712 4251 749 4308 tu
773 4240 858 4330 sapis
879 4235 1032 4330 [deinum]
1053 4263 1061 4306 τ
