2946 4870
1176 359 1215 422 27

123 546 267 614 facetum
300 555 333 612 et
370 543 578 631 magnificum
613 543 717 608 virum
752 551 849 629 atque
884 540 1041 628 gloriatur
1075 562 1110 606 sc
1146 560 1217 606 esse

14 729 15 732 Ἴ
126 653 317 720 atriensem:
333 651 544 737 „Praedicc
564 672 613 715 ene
629 649 894 716 premensem
915 648 1212 734 Ejusdautembffl

162 759 291 846 Edepol
311 780 419 824 senem
440 757 675 824 Demaenetum
696 756 838 843 lepidum
857 756 958 822 fuisse
977 753 1069 821 nobis
1090 776 1098 818 z

164 867 215 936 Ut
236 865 451 933 adsimulabat
472 863 628 934 Sauream
648 889 694 930 me
712 864 792 946 esse,
814 885 911 953 quam
932 862 1046 944 facete,

164 975 212 1042 Ut
232 973 418 1042 memoriter
438 996 489 1038 me
513 969 670 1038 Sadream
691 972 832 1038 vocabat
852 970 1025 1036 atriensem
1045 1005 1087 1017 -

121 1084 255 1150 nimium
276 1082 429 1171 ponderis
443 1080 621 1164 accederet,
642 1079 670 1147 si
687 1079 883 1147 scriberetur
898 1077 1071 1164 „Suprema
1085 1089 1217 1144 memet

122 1189 222 1274 esse“,
254 1200 286 1256 et
305 1189 375 1277 ipsa
395 1198 510 1276 poetae
531 1188 731 1255 consuetudo
753 1188 881 1270 suadet,
913 1196 950 1252 ut
976 1185 1164 1274 pronomine
1185 1187 1215 1252 is

122 1298 163 1363 ad
192 1295 388 1384 praecedens
425 1319 543 1364 nomen
575 1297 693 1362 leniter
719 1295 890 1362 monstrari
918 1294 1065 1360 malimus
1087 1316 1094 1357 :
1116 1293 1215 1379 „Sou-

121 1429 208 1472 rcom
229 1427 283 1470 mc
302 1409 335 1470 is
356 1405 449 1470 csse.“
505 1403 624 1470 Bacch.
648 1409 685 1469 61
715 1402 826 1470 militis
853 1423 977 1468 amores
1008 1411 1216 1489 opponuntur

120 1510 290 1578 Pistoolori
311 1509 433 1578 amicae
455 1510 619 1591 Bacchidi,
641 1531 725 1598 quae
747 1531 820 1576 eum
841 1508 1016 1596 alloquitur

159 1618 206 1684 Et
224 1618 278 1686 ille
299 1618 475 1687 adveniens
496 1627 583 1684 tuam
604 1639 657 1684 me
679 1640 749 1684 csse
771 1619 908 1684 amioum
929 1615 1142 1703 suspicabitur

120 1727 181 1811 (sio
192 1726 231 1810 B,
254 1728 294 1792 nl.
313 1729 384 1792 med
399 1724 514 1808 esseO,
536 1725 724 1792 similiterD
736 1735 769 1792 ct
779 1726 903 1814 aliquot
912 1725 1026 1810 Flos),
1041 1726 1126 1792 unde
1141 1747 1214 1791 oum

118 1843 291 1924 utrumque
312 1855 489 1922 pronomen
510 1819 770 1921 pronuntiatione
797 1832 965 1900 intendere
987 1833 1098 1915 liceat,
1130 1832 1215 1898 Her·

118 1965 254 2008 mannus
280 1942 349 2027 ,me‘
373 1953 458 2008 tuom
487 1941 588 2025 esse“,
619 1941 662 2008 R.
685 1945 785 2027 „turim
814 1941 883 2006 med
906 1940 991 2006 esse“
1029 1941 1214 2023 effecerunt,

118 2049 228 2116 licebit
242 2050 341 2116 etiam
357 2050 499 2115 scribere
521 2062 624 2136 ,tuom
645 2061 779 2115 memet
799 2071 867 2114 ease
881 2047 1034 2114 ome'cam“
1057 2048 1214 2131 (caesura,

120 2157 279 2244 siquidem
306 2170 410 2224 meua
439 2157 649 2244 spondiaoum
676 2165 739 2238 est,
782 2178 847 2222 non
875 2156 1004 2244 ingrata
1031 2166 1105 2243 post
1129 2157 1215 2222 arsin

118 2262 249 2352 dactyli,
270 2289 302 2330 v.
324 2265 364 2332 R.
386 2264 517 2352 Prolog.
539 2287 571 2352 p.
591 2267 652 2330 276
674 2265 746 2352 sp).
791 2261 891 2331 Stich.
914 2270 971 2330 331
998 2273 1106 2331 autem

568 2370 707 2458 Respice

157 2478 212 2544 Ad
235 2479 296 2564 (sic
316 2479 358 2563 A,
381 2502 442 2545 om.
464 2479 547 2564 rell.)
570 2501 617 2544 me
641 2489 674 2545 et
696 2479 844 2568 relinque
861 2486 1012 2566 egentem
1025 2478 1213 2566 parasitum,

813 2585 1006 2654 Philumene
1026 2620 1068 2636 -u

115 2716 179 2758 non
200 2703 328 2760 tantum
350 2695 464 2782 optimi
486 2695 615 2778 codicis,
638 2695 695 2762 ssd
718 2696 814 2762 etiam
836 2693 1078 2760 consuetudinis
1093 2696 1213 2761 latinae

115 2801 328 2886 neglectionis
357 2803 630 2887 insimularemur,
662 2805 689 2870 si
711 2803 1008 2870 commendaremus
1029 2826 1036 2867 :
1061 2787 1215 2887 ,Respice

6 2912 12 2926 ’
116 2907 159 2970 M
163 2921 258 2972 emet
285 2909 348 2993 et“;
379 2932 453 2974 nam
480 2912 613 2998 propria
634 2911 744 2976 oculos
765 2921 852 2976 retro
875 2911 1021 2976 vertendi
1042 2911 1077 2976 vi
1097 2909 1214 2976 instru-

114 3025 200 3082 ctum
222 3017 355 3102 respicio
377 3039 450 3082 cum
471 3018 709 3105 praepositione
741 3019 838 3086 debet
859 3018 1014 3105 conjungi
1045 3019 1100 3103 (cf.
1124 3017 1213 3084 'Prin

118 3127 207 3190 1068.
230 3123 349 3189 Pseud.
373 3130 444 3190 244.
468 3122 542 3191 Cas.
562 3125 616 3192 ΙΠ
637 3131 677 3209 b,
703 3132 748 3192 10.
782 3125 882 3193 Poen.
905 3126 955 3193 IV
978 3132 1016 3204 2,
1038 3131 1088 3193 35.
1117 3127 1213 3194 Truc.

114 3229 150 3297 II
173 3236 202 3314 2,
223 3236 253 3296 2.
276 3230 351 3298 Ter.
373 3232 475 3298 Andr.
497 3233 533 3300 Π
554 3237 584 3316 5,
602 3234 654 3319 6);
676 3256 789 3301 versus
811 3243 918 3302 autern
939 3235 1119 3324 integritati
1140 3259 1212 3304 con-

114 3337 246 3403 sulimus
271 3338 446 3424 praemisso
468 3341 525 3404 duc
551 3341 723 3424 adverbio,
757 3351 793 3408 ut
814 3341 905 3408 Trin.
932 3349 1009 3409 1068
1032 3366 1039 3407 :
1060 3345 1211 3429 ,Respice

113 3448 182 3510 duc
203 3448 252 3510 od
270 3469 330 3528 me,
352 3469 407 3534 epo
421 3470 487 3512 sum
503 3447 714 3516 Charmadas.“
757 3449 898 3517 Vexavit
909 3471 1060 3516 numeros
1074 3450 1211 3516 Bothius

114 3552 189 3618 Aul.
212 3553 249 3619 H
271 3561 300 3636 4,
322 3559 372 3638 27,
394 3556 450 3622 ubi
473 3579 544 3622 cum
566 3556 607 3640 B,
628 3557 708 3624 Pall.
731 3563 812 3624 3-6
833 3559 974 3626 habeant

153 3658 246 3727 Haeo
267 3661 346 3726 mihi
366 3670 398 3728 tc
419 3673 460 3728 ut
473 3663 532 3728 tibi
553 3685 604 3728 me
626 3673 794 3752 aequomst
815 3665 946 3731 credere
965 3662 1062 3730 credo

115 3768 216 3852 (credo
236 3791 298 3834 om.
321 3769 391 3838 Pal.
417 3776 443 3836 l.
465 3772 511 3857 2.)
532 3771 735 3860 ineleganter
755 3773 845 3840 dedit

154 3876 247 3943 Haec
267 3876 346 3944 mihi
367 3879 421 3944 ted
443 3889 480 3943 ut
500 3879 559 3945 tibi
579 3881 654 3946 med
676 3889 845 3969 aequomst
866 3879 996 3946 credero
1017 3917 1058 3928 —

113 4007 186 4052 nam
209 3985 298 4074 quod
319 3986 381 4052 sios·
398 3986 432 4050 in
461 3987 587 4052 senario
604 3989 752 4074 jambum
781 4008 852 4053 esse
880 4010 992 4075 passus
1018 3998 1082 4073 est,
1115 3990 1148 4057 in
1171 4013 1208 4058 eo

111 4093 249 4158 fortasse
269 4117 336 4160 non
358 4094 480 4160 erravit
499 4120 557 4180 -3
577 4097 693 4163 melius
715 4096 894 4162 scribemus

143 4202 245 4268 'Haeo
265 4202 345 4268 mlhi
366 4211 409 4286 te,
431 4211 467 4272 ut
488 4204 605 4270 tibimet
625 4226 676 4270 me
698 4206 866 4292 aequomst
887 4206 982 4278 oredo
1004 4206 1145 4274 credero.
