2946 4870
1195 379 1237 440 39

15 603 20 641 :
137 549 281 636 Nequeo,
312 547 405 634 cujus
436 547 508 613 loco
531 545 721 614 Ciceronem
751 570 878 638 semper
905 575 964 618 aea
991 572 1066 640 queo
1091 556 1236 642 posuisse

15 725 18 732 ,
138 679 224 722 nnnc
251 653 383 738 docent,
414 654 501 742 apud
523 653 677 720 Plautum
704 657 805 722 multo
834 658 962 746 saepius
989 683 1087 748 quam
1109 659 1236 729 Cicero·

15 821 17 854 ÷
137 763 236 830 nicna
263 762 359 829 dictio
389 760 546 844 adhibita,
577 784 675 850 quam
704 763 797 830 facilc
827 786 897 832 cem
926 789 984 832 sua
1011 769 1087 834 sede
1115 769 1237 857 pellere

139 869 280 958 potuerit
300 871 506 936 manifestum
527 878 576 934 est
596 893 604 936 ι
626 871 896 958 quemadmodum
917 871 1017 939 Mero.
1042 877 1100 941 707
1122 901 1182 964 pro

239 975 305 1044 Sed
328 979 412 1067 qnae
432 978 592 1066 loquatur,
615 977 769 1046 exaudire
790 981 852 1045 non
872 1003 949 1066 queo

138 1085 175 1150 F.
197 1084 233 1152 Z.
255 1095 392 1173 peccant
412 1107 526 1172 nequeo
548 1083 746 1152 exhibentes.
788 1087 861 1152 Nec
882 1087 978 1154 aliter
999 1090 1090 1155 Asin.
1111 1089 1174 1155 '504
1196 1114 1203 1155 :

179 1193 254 1258 Ndrr
285 1216 397 1280 qucoaa
425 1215 487 1280 ego
519 1206 546 1258 te
566 1191 747 1260 interdictis
767 1193 873 1260 ficere
895 1197 1095 1262 mansuetem
1115 1199 1196 1263 meis

140 1301 297 1366 substituo
321 1301 411 1367 codd
434 1302 613 1389 scripturae
627 1300 793 1388 Nequrorsc
812 1326 820 1367 :
842 1303 1039 1390 discerptam
1053 1327 1136 1392 quae
1150 1304 1241 1371 vide.

138 1417 199 1491 tur,
222 1409 413 1495 particulam
433 1409 636 1476 conceleres
657 1431 731 1476 cum
751 1411 881 1477 Handio
905 1412 998 1478 Turs.
1015 1411 1066 1478 IV
1089 1418 1159 1478 311.

220 1514 297 1580 Aul.
318 1515 355 1581 ΙΙ
378 1521 405 1599 1,
430 1520 443 1580 1
468 1516 674 1582 Hermannus
696 1517 747 1583 El.
769 1517 798 1582 d.
821 1539 863 1584 m.
885 1541 916 1606 p.
938 1522 997 1584 307
1023 1518 1172 1585 Reiaium
1194 1542 1236 1584 ex

137 1632 230 1710 parte
251 1632 381 1688 secutus
402 1624 448 1688 sic
469 1623 667 1712 descripsit:

238 1729 346 1796 Velim
367 1739 400 1796 te
421 1730 581 1816 arbitrari,
604 1734 671 1797 med
690 1731 769 1800 haec
790 1733 899 1818 verba,
919 1733 1028 1815 freter,

236 1839 320 1905 Tudi
339 1837 415 1906 fidei
435 1841 583 1926 medique
605 1843 654 1906 rei
673 1841 736 1906 hoc

237 1945 345 2014 Oaust
365 1947 473 2013 faeere
710 1954 712 1957 “

138 2053 201 2138 (me
230 2053 328 2138 libri).
371 2051 438 2120 Sed
471 2053 558 2142 quod
589 2053 622 2118 in
652 2053 753 2119 altero
784 2075 880 2119 versu
908 2055 1011 2121 noluit
1041 2077 1114 2120 cum
1144 2055 1234 2144 Lips.

138 2160 246 2227 delere
266 2161 342 2244 doc,
370 2162 403 2228 id
425 2182 532 2249 neque
559 2159 655 2226 video
684 2161 846 2248 quomodo
876 2162 1071 2228 constructio
1103 2162 1237 2250 recipiat

138 2277 171 2334 et
198 2267 398 2356 improbasse
424 2278 573 2355 apertum
599 2277 648 2333 est
668 2266 929 2352 Lachmannum,
958 2269 1012 2358 qui
1041 2270 1080 2335 nd
1104 2269 1235 2336 Lucret.

136 2377 274 2443 111374
296 2376 352 2462 (cf.
373 2375 518 2465 imprinis
540 2399 572 2464 p.
598 2378 671 2460 161)
692 2377 874 2461 elisionem,
902 2376 1006 2466 qualis
1034 2379 1175 2444 cernitur
1202 2377 1236 2442 in

136 2493 186 2554 rei·
204 2487 258 2551 loc
278 2495 390 2552 contra
411 2494 514 2552 artem
536 2505 606 2550 esse
628 2484 721 2551 doeet
736 2483 785 2570 (l)
806 2497 838 2550 et
856 2507 888 2573 p.
915 2488 970 2551 151
996 2485 1120 2552 duobus
1141 2507 1237 2573 gene·

136 2592 211 2658 tivis
247 2594 380 2681 quintae
420 2590 641 2658 declinationis
684 2590 919 2658 terminationis
956 2593 1151 2680 spondiacae
1195 2615 1236 2658 ex

136 2701 253 2766 Plauto
275 2709 422 2766 nostrum
443 2699 531 2765 addit
547 2698 613 2784 (2),
635 2699 668 2763 in
690 2721 755 2786 quo
777 2700 909 2764 Reiaius
934 2721 1001 2765 non
1032 2701 1101 2766 sine
1130 2699 1236 2786 specie

139 2807 336 2892 „Medifidc't
355 2812 477 2893 aotqm
496 2804 563 2872 re'i'“
587 2806 760 2894 scripserit.
800 2805 1059 2892 Monosyllabam
1073 2807 1149 2871 huic
1163 2807 1236 2871 loco

137 2915 274 2982 formam
295 2913 471 2979 secundum
491 2922 608 3002 po’etne
629 2912 894 2978 consuetudinem
920 2912 1108 2997 reddemus,
1140 2914 1167 2977 si
1195 2935 1236 2978 ex

137 3022 246 3109 priore
267 3041 363 3086 versu
383 3043 432 3086 mc
451 3021 515 3086 huc
534 3020 705 3087 deferimus
723 3020 836 3108 illique
857 3019 954 3086 unius
976 3020 1121 3108 syllabae
1142 3019 1236 3088 detri-

136 3137 280 3212 mentum
302 3128 445 3216 pleniore
466 3127 615 3196 infinitivi
636 3129 742 3194 forma
761 3139 915 3195 revocata
938 3129 1094 3196 sarcimus
1116 3154 1123 3195 :

146 3269 148 3276 ’
236 3255 343 3320 Velim
361 3263 394 3320 te
416 3253 600 3320 arbitrericr
620 3253 703 3319 hese
723 3254 833 3336 verba,
860 3253 970 3336 freter,

236 3361 323 3428 Meti
344 3361 418 3428 fidei
439 3370 572 3448 tuaique
594 3355 643 3426 rii
660 3385 708 3426 me

239 3467 346 3536 (lausi
365 3469 483 3534 facere.

146 3696 441 3708 ,ιο-..ω

205 3853 243 3921 (1)
260 3853 340 3904 Poen.
358 3853 397 3904 IlI
415 3857 439 3918 4,
458 3855 490 3906 35
508 3869 542 3903 ex
560 3853 591 3904 V.
609 3852 637 3902 0.
656 3867 759 3902 manu:
781 3853 838 3918 „qui
856 3850 897 3901 illi
916 3848 985 3900 mola
1002 3851 1054 3900 cire
1071 3851 1166 3901 lenate
1183 3852 1238 3914 sui-

138 3957 193 3993 mus
209 3940 314 3992 inliccs“
332 3956 413 4006 prave
431 3941 528 3990 Parcus
551 3939 615 3990 lecit
636 3939 703 4002 „Qui
724 3937 766 3989 1111
783 3937 921 3988 mulceret
939 3939 998 3986 date
1015 3937 1110 4001 ficimus
1126 3935 1238 4000 ialiees“‚

137 4035 207 4077 recte
225 4027 337 4078 Bothius
357 4027 423 4090 „Qui
440 4028 491 4104 itlg'
501 4027 581 4078 malae
600 4029 638 4078 rei
655 4029 741 4077 idaiae
757 4025 853 4091 fuimns
870 4023 984 4074 indicent.

207 4129 244 4197 (1)
260 4129 383 4182 Accessit
398 4131 426 4182 in
444 4130 583 4182 liitschclii
600 4127 728 4180 diorthosi
744 4127 823 4180 Most.
841 4129 874 4180 90

259 4217 401 4268 Hominem
419 4217 515 4282 quoius
532 4217 570 4268 rei
589 4215 700 4267 similem
718 4229 776 4266 esse
795 4214 943 4266 arbitrarer.
