2946 4870
1173 391 1211 454 41

19 633 20 638 ,
118 577 203 646 Cum
221 574 340 641 Vossio
362 571 461 642 Nonii
482 571 580 640 hiros
601 583 629 637 te
649 572 839 638 exhibentes
861 569 1000 639 correxit
1015 569 1215 638 Ribbeokius

116 686 237 751 Pacuv.
260 687 321 748 248

161 791 288 856 Piriter
309 798 341 855 te
365 811 435 856 esse
455 811 534 877 erga
548 788 638 854 illum
650 788 757 871 video,
779 797 815 853 ut
828 787 920 853 illum
934 789 982 852 ted
996 789 1072 875 erpi
1085 775 1173 853 scic':

120 899 177 966 ubi
198 905 254 965 sut
274 906 466 984 transponas
488 897 584 963 illunc
606 919 678 982 erqo
699 907 726 961 te
747 904 804 963 eut
825 895 946 961 scribas
975 907 1002 960 tc
1021 918 1096 980 erpo
1115 897 1215 960 sento

202 1004 297 1087 Quod
320 1027 337 1070 e
358 1004 532 1093 generibus
553 1002 809 1092 corruptelarum
831 1011 982 1091 quartum
1006 1001 1113 1088 posuit
1133 1001 1216 1068 Her·

117 1135 253 1180 manuus
272 1112 376 1180 Praei.
392 1112 493 1197 Trim,
515 1112 682 1178 turbatum
696 1111 871 1176 verborum
893 1108 1049 1194 ordinem,
1070 1108 1103 1176 id
1118 1132 1216 1198 quum

17 1287 18 1296 ,
117 1223 181 1288 lete
202 1231 314 1310 petest
334 1219 366 1285 in
382 1219 499 1286 Plauto
522 1243 594 1286 cum
617 1219 672 1285 diu
693 1227 899 1307 perspectum
914 1228 972 1296 est,
993 1225 1063 1283 tum
1076 1218 1216 1285 Ambro-

119 1329 210 1396 sisnc
243 1327 385 1396 adhibito
412 1329 445 1393 in
477 1328 654 1394 clarissima
681 1327 754 1393 luce
783 1327 982 1392 collocutum.
1037 1324 1154 1414 Itsque
1181 1325 1216 1390 in

119 1436 277 1518 versibus,
300 1433 356 1524 qui
376 1434 495 1502 luxatis
516 1433 653 1523 pedibus
673 1434 822 1502 laborant
828 1482 838 1516 ,
861 1443 1028 1512 caventes,
1050 1455 1091 1498 ne
1112 1433 1216 1499 fulcro

117 1565 232 1632 parum
253 1544 345 1609 firmo
366 1543 400 1608 D
422 1541 513 1608 affixi
534 1553 672 1626 utemur,
693 1542 778 1608 Rud.
801 1546 862 1607 674
883 1564 924 1608 ox
946 1541 1173 1608 Amemoria:

200 1649 324 1739 Recipe
344 1671 396 1716 me
417 1648 601 1732 intectum,
624 1649 666 1716 ds
688 1648 764 1714 mihi
786 1648 909 1739 aliquid
929 1648 1113 1716 vestimenti
1133 1647 1215 1715 aridi

116 1781 181 1824 non
202 1757 381 1824 efficiemus
404 1780 477 1822 cum
498 1756 673 1823 Ritschelic
695 1756 779 1824 Mus.
801 1757 904 1823 Rhen.
926 1757 957 1824 V
982 1759 1039 1823 135
1061 1779 1069 1821 ε

157 1865 281 1954 Recipe
302 1867 373 1932 med
391 1865 425 1932 in
445 1866 576 1948 tectum,
598 1865 640 1932 du
653 1865 776 1954 aliquid
789 1865 869 1932 mihi
884 1864 1067 1931 vestimenti
1082 1864 1173 1948 dridi,

118 1972 175 2039 sed
199 1996 271 2038 eum
291 1972 402 2040 Fleck.

158 2080 283 2168 Recipe
304 2105 352 2144 me
371 2082 405 2148 in
426 2082 558 2162 tectim,
579 2080 622 2145 de
643 2079 721 2146 mihi
742 2080 926 2146 vestimenti
941 2079 1060 2168 aliquid
1082 2078 1174 2146 eridi.

200 2189 265 2254 Pro
287 2209 323 2252 eo
347 2188 433 2276 quod
455 2187 601 2274 perfacili
627 2185 879 2275 transpositione
900 2185 1017 2253 Bacch.
1040 2191 1102 2254 619
1123 2209 1165 2254 ex
1186 2188 1216 2254 B

116 2295 254 2362 lectione

236 2443 240 2456 =
288 2401 437 2470 Inimicos
461 2424 559 2491 quem
580 2407 700 2470 amicos
723 2411 840 2490 equust
860 2423 913 2466 me
933 2401 1052 2468 hebere

116 2511 324 2577 Hermannus
356 2509 507 2576 formavit
535 2513 661 2596 aequom
692 2523 781 2593 mest,
815 2510 923 2576 nescio
956 2533 998 2576 an
1029 2509 1116 2600 quod
1145 2509 1215 2578 OD

116 2618 237 2685 habent
264 2619 383 2705 equr'est
411 2617 518 2706 potius
549 2641 622 2684 oum
649 2619 757 2684 Fieok.
780 2618 841 2684 hoc
863 2618 974 2685 ordine
996 2619 1215 2707 recipiendum

117 2726 159 2791 sit
180 2750 187 2792 :
208 2727 315 2792 mesre
335 2727 477 2813 aequiust
497 2751 544 2791 me
565 2749 572 2790 :
595 2749 790 2815 quamquem
818 2726 851 2792 in
877 2727 1115 2794 constructione
1135 2728 1215 2793 libe-

117 2833 202 2900 riore
223 2835 441 2902 membrorum
462 2844 721 2922 comparatorum
742 2856 807 2900 non
828 2835 1030 2901 offendimus.

200 2940 301 3007 Mero.
324 2943 384 3007 765

200 3049 313 3116 Polum
333 3055 433 3116 istaec
454 3049 586 3132 faciunt,
607 3050 640 3115 te
661 3070 714 3114 me
734 3047 849 3116 odisse·
862 3073 884 3116 ::
912 3049 1003 3132 Quin
1022 3072 1107 3137 nego
1130 3074 1152 3118 ιε
1175 3133 1177 3135 ¹

200 3157 278 3222 Non
297 3168 330 3224 te
352 3157 457 3225 odisse
478 3158 586 3224 aiebat
606 3180 740 3224 uxorem
761 3179 874 3224 verum
897 3181 989 3226 suum

117 3267 207 3352 (Non
226 3291 288 3334 coo
309 3279 337 3332 tc
358 3265 412 3351 Β).
456 3265 498 3332 R.
520 3267 659 3334 alterum
679 3266 851 3334 correxit:

208 3413 211 3422 .
258 3375 335 3442 Non
357 3372 409 3440 te‘d
429 3373 544 3458 odisse,
566 3377 680 3440 verum
700 3398 835 3444 uxorem
857 3375 944 3444 sibit
964 3397 1081 3441 suem:

119 3506 215 3571 quem
236 3482 270 3547 in
293 3491 438 3548 extremo
467 3505 564 3550 versu
591 3484 692 3552 secuti
716 3485 750 3551 in
771 3484 869 3572 priori
890 3494 984 3572 perte
1006 3505 1077 3548 cum
1098 3482 1138 3548 B.
1159 3505 1214 3568 ,ge-

117 3591 272 3656 minatam
293 3590 500 3677 negotionem
521 3613 696 3676 servamus,
719 3593 789 3658 coll.
812 3591 886 3658 Ter.
907 3591 1037 3656 Phorm.
1054 3589 1090 3654 H
1114 3596 1140 3673 l,
1164 3595 1213 3656 73.

118 3697 237 3764 Octull.
265 3704 319 3782 14,
349 3703 402 3782 16,
428 3721 542 3766 vocem
563 3710 672 3766 cutem
693 3699 870 3767 sententiae
891 3698 1034 3787 pondere
1054 3698 1215 3784 insignem

117 3806 355 3876 delitescentem
393 3806 593 3874 defendimus
630 3808 693 3893 eis,
732 3830 816 3898 quae
856 3805 1052 3874 Ritschelius
1081 3806 1213 3894 Prolcg.

115 3938 147 4003 p.
164 3918 223 3980 266
246 3939 317 4004 sqq.
332 3915 498 4000 concessit,
521 3916 690 3983 recessisse
710 3915 883 4004 aliquando
905 3919 1018 4001 poetas
1041 3916 1082 3982 eb
1104 3938 1214 3982 socen·

115 4033 206 4088 tuum
228 4024 461 4112 notionumquc
483 4025 719 4091 convenientis.

198 4131 285 4198 Men.
309 4133 370 4200 720
391 4133 478 4222 quod
497 4135 646 4222 proxime
674 4133 716 4200 ad
737 4131 828 4200 codd.
850 4133 1038 4200 memoriam
1059 4132 1214 4201 secedens
