<?xml version="1.0" encoding="UTF-8"?>
<!DOCTYPE html PUBLIC "-//W3C//DTD XHTML 1.0 Transitional//EN"
    "http://www.w3.org/TR/xhtml1/DTD/xhtml1-transitional.dtd">
<html xmlns="http://www.w3.org/1999/xhtml" xml:lang="en" lang="en">
 <head>
  <title>
</title>
<meta http-equiv="Content-Type" content="text/html;charset=utf-8" />
  <meta name='ocr-system' content='tesseract 3.04.00' />
  <meta name='ocr-capabilities' content='ocr_page ocr_carea ocr_par ocr_line ocrx_word'/>
</head>
<body>
  <div class='ocr_page' id='page_1' title='image "./meletemataplaut00umpfgoog_0021.png"; bbox 0 0 2946 4870; ppageno 0'>
   <div class='ocr_carea' id='block_1_1' title="bbox 240 385 278 446">
    <p class='ocr_par' dir='ltr' id='par_1_1' title="bbox 240 385 278 446">
     <span class='ocr_line' id='line_1_1' title="bbox 240 385 278 446; baseline 0 0"><span class='ocrx_word' id='word_1_1' title='bbox 240 385 278 446; x_wconf 83' lang='lat'>10</span> 
     </span>
    </p>
   </div>
   <div class='ocr_carea' id='block_1_2' title="bbox 139 560 1333 1728">
    <p class='ocr_par' dir='ltr' id='par_1_2' title="bbox 139 560 1333 1728">
     <span class='ocr_line' id='line_1_2' title="bbox 233 560 1333 648; baseline -0.002 -20"><span class='ocrx_word' id='word_1_2' title='bbox 233 571 351 630; x_wconf 89' lang='lat' dir='ltr'>verunt</span> <span class='ocrx_word' id='word_1_3' title='bbox 370 573 507 630; x_wconf 86' lang='lat' dir='ltr'>veteres.</span> <span class='ocrx_word' id='word_1_4' title='bbox 551 561 618 629; x_wconf 85' lang='lat' dir='ltr'>Sed</span> <span class='ocrx_word' id='word_1_5' title='bbox 639 561 674 627; x_wconf 89' lang='lat' dir='ltr'>id</span> <span class='ocrx_word' id='word_1_6' title='bbox 694 583 761 627; x_wconf 90' lang='lat' dir='ltr'>non</span> <span class='ocrx_word' id='word_1_7' title='bbox 781 569 887 648; x_wconf 86' lang='lat' dir='ltr'>potest</span> <span class='ocrx_word' id='word_1_8' title='bbox 906 583 972 627; x_wconf 90' lang='lat' dir='ltr'>non</span> <span class='ocrx_word' id='word_1_9' title='bbox 994 560 1168 645; x_wconf 87' lang='lat' dir='ltr'>offendere,</span> <span class='ocrx_word' id='word_1_10' title='bbox 1190 561 1276 648; x_wconf 90' lang='lat' dir='ltr'>quod</span> <span class='ocrx_word' id='word_1_11' title='bbox 1296 561 1333 626; x_wconf 90' lang='lat' dir='ltr'>in</span> 
     </span>
     <span class='ocr_line' id='line_1_3' title="bbox 234 668 1332 757; baseline -0.003 -21"><span class='ocrx_word' id='word_1_12' title='bbox 234 670 365 736; x_wconf 86' lang='lat' dir='ltr'>alterius</span> <span class='ocrx_word' id='word_1_13' title='bbox 386 670 588 757; x_wconf 79' lang='lat' dir='ltr'>grammatici</span> <span class='ocrx_word' id='word_1_14' title='bbox 610 668 786 755; x_wconf 85' lang='lat' dir='ltr'>exemplari</span> <span class='ocrx_word' id='word_1_15' title='bbox 807 668 997 736; x_wconf 79' lang='lat' dir='ltr'>exciderunt</span> <span class='ocrx_word' id='word_1_16' title='bbox 1017 691 1113 734; x_wconf 88' lang='lat' dir='ltr'>vooes</span> <span class='ocrx_word' id='word_1_17' title='bbox 1134 668 1231 751; x_wconf 86' lang='lat' dir='ltr'>duae,</span> <span class='ocrx_word' id='word_1_18' title='bbox 1254 691 1332 756; x_wconf 87' lang='lat' dir='ltr'>qua-</span> 
     </span>
     <span class='ocr_line' id='line_1_4' title="bbox 233 775 1333 858; baseline -0.001 -15"><span class='ocrx_word' id='word_1_19' title='bbox 233 799 304 843; x_wconf 89' lang='lat' dir='ltr'>rum</span> <span class='ocrx_word' id='word_1_20' title='bbox 326 777 428 844; x_wconf 85' lang='lat' dir='ltr'>altera</span> <span class='ocrx_word' id='word_1_21' title='bbox 449 775 627 842; x_wconf 79' lang='lat' dir='ltr'>doctrinam</span> <span class='ocrx_word' id='word_1_22' title='bbox 655 797 745 842; x_wconf 88' lang='lat' dir='ltr'>suam</span> <span class='ocrx_word' id='word_1_23' title='bbox 764 775 893 841; x_wconf 88' lang='lat' dir='ltr'>firmare</span> <span class='ocrx_word' id='word_1_24' title='bbox 921 775 1039 858; x_wconf 86' lang='lat' dir='ltr'>voluit,</span> <span class='ocrx_word' id='word_1_25' title='bbox 1072 775 1203 842; x_wconf 86' lang='lat' dir='ltr'>alteriue</span> <span class='ocrx_word' id='word_1_26' title='bbox 1223 785 1333 842; x_wconf 87' lang='lat' dir='ltr'>autem</span> 
     </span>
     <span class='ocr_line' id='line_1_5' title="bbox 231 884 1332 970; baseline -0.006 -16"><span class='ocrx_word' id='word_1_27' title='bbox 231 884 305 954; x_wconf 85' lang='lat' dir='ltr'>libri</span> <span class='ocrx_word' id='word_1_28' title='bbox 326 885 372 954; x_wconf 90' lang='lat' dir='ltr'>ita</span> <span class='ocrx_word' id='word_1_29' title='bbox 392 905 447 950; x_wconf 88' lang='lat' dir='ltr'>eas</span> <span class='ocrx_word' id='word_1_30' title='bbox 468 884 639 970; x_wconf 77' lang='lat' dir='ltr'><strong>praebent,</strong></span> <span class='ocrx_word' id='word_1_31' title='bbox 668 891 704 948; x_wconf 83' lang='lat' dir='ltr'>ut</span> <span class='ocrx_word' id='word_1_32' title='bbox 723 903 891 970; x_wconf 79' lang='lat' dir='ltr'><strong>paragoge</strong></span> <span class='ocrx_word' id='word_1_33' title='bbox 921 904 986 950; x_wconf 90' lang='lat' dir='ltr'>nou</span> <span class='ocrx_word' id='word_1_34' title='bbox 1014 903 1193 970; x_wconf 89' lang='lat' dir='ltr'>pronomen</span> <span class='ocrx_word' id='word_1_35' title='bbox 1223 904 1332 970; x_wconf 88' lang='lat' dir='ltr'>perso-</span> 
     </span>
     <span class='ocr_line' id='line_1_6' title="bbox 232 988 1332 1078; baseline 0 -20"><span class='ocrx_word' id='word_1_36' title='bbox 232 992 321 1075; x_wconf 88' lang='lat' dir='ltr'>nale,</span> <span class='ocrx_word' id='word_1_37' title='bbox 350 991 406 1058; x_wconf 88' lang='lat' dir='ltr'>sed</span> <span class='ocrx_word' id='word_1_38' title='bbox 426 989 616 1056; x_wconf 72' lang='lat' dir='ltr'><strong>adverbium</strong></span> <span class='ocrx_word' id='word_1_39' title='bbox 639 988 809 1054; x_wconf 85' lang='lat' dir='ltr'>relativum</span> <span class='ocrx_word' id='word_1_40' title='bbox 837 1011 895 1076; x_wconf 80' lang='lat' dir='ltr'>quo</span> <span class='ocrx_word' id='word_1_41' title='bbox 916 998 1062 1076; x_wconf 86' lang='lat' dir='ltr'>tangat:</span> <span class='ocrx_word' id='word_1_42' title='bbox 1091 1013 1166 1056; x_wconf 89' lang='lat' dir='ltr'>nam</span> <span class='ocrx_word' id='word_1_43' title='bbox 1193 991 1332 1078; x_wconf 85' lang='lat' dir='ltr'>nequis</span> 
     </span>
     <span class='ocr_line' id='line_1_7' title="bbox 232 1096 1332 1186; baseline -0.002 -20"><span class='ocrx_word' id='word_1_44' title='bbox 232 1099 360 1186; x_wconf 79' lang='lat' dir='ltr'>adjecto</span> <span class='ocrx_word' id='word_1_45' title='bbox 383 1121 447 1184; x_wconf 84' lang='lat' dir='ltr'>pro</span> <span class='ocrx_word' id='word_1_46' title='bbox 468 1109 495 1163; x_wconf 85' lang='grc' dir='ltr'>ιι</span> <span class='ocrx_word' id='word_1_47' title='bbox 522 1097 598 1164; x_wconf 86' lang='lat' dir='ltr'>satis</span> <span class='ocrx_word' id='word_1_48' title='bbox 627 1096 840 1164; x_wconf 88' lang='lat' dir='ltr'>demonstrari</span> <span class='ocrx_word' id='word_1_49' title='bbox 862 1096 995 1180; x_wconf 82' lang='lat' dir='ltr'>obiciat,</span> <span class='ocrx_word' id='word_1_50' title='bbox 1023 1096 1081 1165; x_wconf 91' lang='lat' dir='ltr'>ubi</span> <span class='ocrx_word' id='word_1_51' title='bbox 1101 1097 1332 1184; x_wconf 77' lang='lat' dir='ltr'>grammaticus</span> 
     </span>
     <span class='ocr_line' id='line_1_8' title="bbox 232 1204 1331 1293; baseline 0 -21"><span class='ocrx_word' id='word_1_52' title='bbox 232 1207 372 1292; x_wconf 85' lang='lat' dir='ltr'>figuram</span> <span class='ocrx_word' id='word_1_53' title='bbox 392 1204 570 1273; x_wconf 76' lang='lat' dir='ltr'>adhibitam</span> <span class='ocrx_word' id='word_1_54' title='bbox 590 1205 738 1288; x_wconf 86' lang='lat' dir='ltr'>voluerit,</span> <span class='ocrx_word' id='word_1_55' title='bbox 761 1226 859 1292; x_wconf 86' lang='lat' dir='ltr'>quam</span> <span class='ocrx_word' id='word_1_56' title='bbox 878 1204 973 1271; x_wconf 85' lang='lat' dir='ltr'>facile</span> <span class='ocrx_word' id='word_1_57' title='bbox 996 1213 1072 1291; x_wconf 91' lang='lat' dir='ltr'>post</span> <span class='ocrx_word' id='word_1_58' title='bbox 1089 1227 1147 1290; x_wconf 87' lang='lat' dir='ltr'>pro</span> <span class='ocrx_word' id='word_1_59' title='bbox 1168 1204 1331 1293; x_wconf 87' lang='lat' dir='ltr'>praeposi·</span> 
     </span>
     <span class='ocr_line' id='line_1_9' title="bbox 232 1309 1333 1400; baseline 0 -20"><span class='ocrx_word' id='word_1_60' title='bbox 232 1313 328 1380; x_wconf 86' lang='lat' dir='ltr'>tionis</span> <span class='ocrx_word' id='word_1_61' title='bbox 343 1311 472 1398; x_wconf 85' lang='lat' dir='ltr'>signum</span> <span class='ocrx_word' id='word_1_62' title='bbox 487 1312 635 1395; x_wconf 83' lang='lat' dir='ltr'>alterum,</span> <span class='ocrx_word' id='word_1_63' title='bbox 657 1309 745 1398; x_wconf 90' lang='lat' dir='ltr'>quod</span> <span class='ocrx_word' id='word_1_64' title='bbox 767 1311 852 1398; x_wconf 82' lang='lat' dir='ltr'>quod</span> <span class='ocrx_word' id='word_1_65' title='bbox 868 1311 1038 1380; x_wconf 83' lang='lat' dir='ltr'>iudicando</span> <span class='ocrx_word' id='word_1_66' title='bbox 1053 1311 1188 1378; x_wconf 86' lang='lat' dir='ltr'>inservit</span> <span class='ocrx_word' id='word_1_67' title='bbox 1201 1321 1333 1400; x_wconf 85' lang='lat' dir='ltr'>poterat</span> 
     </span>
     <span class='ocr_line' id='line_1_10' title="bbox 231 1418 1330 1508; baseline 0 -22"><span class='ocrx_word' id='word_1_68' title='bbox 231 1419 478 1507; x_wconf 79' lang='lat' dir='ltr'>praeterrideri‚</span> <span class='ocrx_word' id='word_1_69' title='bbox 513 1430 550 1488; x_wconf 92' lang='grc' dir='ltr'>ιιι</span> <span class='ocrx_word' id='word_1_70' title='bbox 576 1421 617 1487; x_wconf 92' lang='lat' dir='ltr'>ab</span> <span class='ocrx_word' id='word_1_71' title='bbox 650 1419 741 1488; x_wconf 88' lang='lat' dir='ltr'>initio</span> <span class='ocrx_word' id='word_1_72' title='bbox 768 1419 922 1508; x_wconf 86' lang='lat' dir='ltr'>seriptum</span> <span class='ocrx_word' id='word_1_73' title='bbox 951 1418 1077 1486; x_wconf 83' lang='lat' dir='ltr'>fuerit:</span> <span class='ocrx_word' id='word_1_74' title='bbox 1100 1443 1253 1507; x_wconf 80' lang='lat' dir='ltr'>„proquo</span> <span class='ocrx_word' id='word_1_75' title='bbox 1273 1421 1330 1490; x_wconf 53' lang='grc' dir='ltr'>ιβ.</span> 
     </span>
     <span class='ocr_line' id='line_1_11' title="bbox 231 1527 1330 1630; baseline 0.002 -36"><span class='ocrx_word' id='word_1_76' title='bbox 231 1529 276 1594; x_wconf 84' lang='lat' dir='ltr'>Et</span> <span class='ocrx_word' id='word_1_77' title='bbox 296 1550 412 1594; x_wconf 85' lang='lat' dir='ltr'>revera</span> <span class='ocrx_word' id='word_1_78' title='bbox 433 1529 518 1596; x_wconf 88' lang='lat' dir='ltr'>aliud</span> <span class='ocrx_word' id='word_1_79' title='bbox 539 1528 673 1630; x_wconf 88' lang='lat' dir='ltr'>quidm</span> <span class='ocrx_word' id='word_1_80' title='bbox 694 1528 804 1595; x_wconf 87' lang='lat' dir='ltr'>oodioe</span> <span class='ocrx_word' id='word_1_81' title='bbox 825 1549 884 1596; x_wconf 92' lang='lat' dir='ltr'>suo</span> <span class='ocrx_word' id='word_1_82' title='bbox 899 1528 1050 1596; x_wconf 85' lang='lat' dir='ltr'>Plautino</span> <span class='ocrx_word' id='word_1_83' title='bbox 1064 1527 1188 1601; x_wconf 87' lang='lat' dir='ltr'>Julium</span> <span class='ocrx_word' id='word_1_84' title='bbox 1212 1528 1330 1598; x_wconf 87' lang='lat' dir='ltr'>Roma·</span> 
     </span>
     <span class='ocr_line' id='line_1_12' title="bbox 139 1635 1330 1728; baseline -0.002 -24"><span class='ocrx_word' id='word_1_85' title='bbox 139 1680 151 1704; x_wconf 76' lang='grc'><strong>.</strong></span> <span class='ocrx_word' id='word_1_86' title='bbox 229 1659 307 1706; x_wconf 86' lang='lat' dir='ltr'>num</span> <span class='ocrx_word' id='word_1_87' title='bbox 330 1637 439 1703; x_wconf 85' lang='lat' dir='ltr'>aivea</span> <span class='ocrx_word' id='word_1_88' title='bbox 468 1659 532 1728; x_wconf 90' lang='lat' dir='ltr'>quo</span> <span class='ocrx_word' id='word_1_89' title='bbox 560 1636 723 1704; x_wconf 89' lang='lat' dir='ltr'>duumviri</span> <span class='ocrx_word' id='word_1_90' title='bbox 752 1635 854 1700; x_wconf 75' lang='lat' dir='ltr'>nostri</span> <span class='ocrx_word' id='word_1_91' title='bbox 885 1635 1091 1724; x_wconf 79' lang='lat' dir='ltr'>grammatici</span> <span class='ocrx_word' id='word_1_92' title='bbox 1118 1657 1248 1702; x_wconf 87' lang='lat' dir='ltr'>versum</span> <span class='ocrx_word' id='word_1_93' title='bbox 1276 1657 1330 1702; x_wconf 84' lang='lat' dir='ltr'>ex-</span> 
     </span>
    </p>
   </div>
   <div class='ocr_carea' id='block_1_3' title="bbox 111 1743 1331 1868">
    <p class='ocr_par' dir='ltr' id='par_1_3' title="bbox 111 1743 1331 1868">
     <span class='ocr_line' id='line_1_13' title="bbox 111 1743 1331 1868; baseline -0.003 -55"><span class='ocrx_word' id='word_1_94' title='bbox 111 1798 120 1813; x_wconf 90' lang='lat'><em>.</em></span> <span class='ocrx_word' id='word_1_95' title='bbox 230 1746 437 1868; x_wconf 79' lang='lat' dir='ltr'>seripserunt,</span> <span class='ocrx_word' id='word_1_96' title='bbox 461 1745 589 1830; x_wconf 81' lang='lat' dir='ltr'>legisse,</span> <span class='ocrx_word' id='word_1_97' title='bbox 611 1744 695 1810; x_wconf 86' lang='lat' dir='ltr'>infra</span> <span class='ocrx_word' id='word_1_98' title='bbox 716 1743 804 1810; x_wconf 87' lang='lat' dir='ltr'>siT</span> <span class='ocrx_word' id='word_1_99' title='bbox 825 1743 932 1810; x_wconf 87' lang='lat' dir='ltr'>Maeci</span> <span class='ocrx_word' id='word_1_100' title='bbox 953 1745 1042 1808; x_wconf 83' lang='lat' dir='ltr'>locos</span> <span class='ocrx_word' id='word_1_101' title='bbox 1063 1744 1331 1826; x_wconf 77' lang='lat' dir='ltr'>examinabimus,</span> 
     </span>
    </p>
   </div>
   <div class='ocr_carea' id='block_1_4' title="bbox 229 1849 1333 4292">
    <p class='ocr_par' dir='ltr' id='par_1_4' title="bbox 230 1849 1330 2372">
     <span class='ocr_line' id='line_1_14' title="bbox 231 1849 1329 1940; baseline -0.002 -22"><span class='ocrx_word' id='word_1_102' title='bbox 231 1852 435 1920; x_wconf 77' lang='lat' dir='ltr'>coniciamus</span> <span class='ocrx_word' id='word_1_103' title='bbox 480 1849 547 1918; x_wconf 83' lang='lat' dir='ltr'>Sed</span> <span class='ocrx_word' id='word_1_104' title='bbox 574 1860 611 1918; x_wconf 92' lang='grc' dir='ltr'>ιιι</span> <span class='ocrx_word' id='word_1_105' title='bbox 638 1873 741 1940; x_wconf 87' lang='lat' dir='ltr'>aeque</span> <span class='ocrx_word' id='word_1_106' title='bbox 769 1860 866 1938; x_wconf 85' lang='lat' dir='ltr'>atque</span> <span class='ocrx_word' id='word_1_107' title='bbox 886 1851 1027 1918; x_wconf 79' lang='lat' dir='ltr'>Palatini</span> <span class='ocrx_word' id='word_1_108' title='bbox 1055 1851 1203 1939; x_wconf 85' lang='lat' dir='ltr'><strong>plerique</strong></span> <span class='ocrx_word' id='word_1_109' title='bbox 1225 1849 1329 1916; x_wconf 84' lang='lat' dir='ltr'>oodex</span> 
     </span>
     <span class='ocr_line' id='line_1_15' title="bbox 230 1958 1330 2048; baseline -0.002 -22"><span class='ocrx_word' id='word_1_110' title='bbox 230 1961 285 2026; x_wconf 92' lang='lat' dir='ltr'>ille</span> <span class='ocrx_word' id='word_1_111' title='bbox 306 1961 356 2024; x_wconf 74' lang='lat' dir='ltr'>aad</span> <span class='ocrx_word' id='word_1_112' title='bbox 375 1959 622 2047; x_wconf 86' lang='lat' dir='ltr'>praebuerit:j</span> <span class='ocrx_word' id='word_1_113' title='bbox 626 1969 754 2026; x_wconf 80' lang='lat' dir='ltr'>emeat</span> <span class='ocrx_word' id='word_1_114' title='bbox 754 1960 781 2025; x_wconf 86' lang='lat' dir='ltr'>is</span> <span class='ocrx_word' id='word_1_115' title='bbox 740 1967 936 2026; x_wconf 83' lang='lat' dir='ltr'>tmaturo</span> <span class='ocrx_word' id='word_1_116' title='bbox 965 1969 1111 2047; x_wconf 90' lang='lat' dir='ltr'>tempore</span> <span class='ocrx_word' id='word_1_117' title='bbox 1132 1958 1330 2048; x_wconf 87' lang='lat' dir='ltr'>exemplaria</span> 
     </span>
     <span class='ocr_line' id='line_1_16' title="bbox 231 2065 1330 2155; baseline -0.002 -21"><span class='ocrx_word' id='word_1_118' title='bbox 231 2075 385 2155; x_wconf 79' lang='lat' dir='ltr'>corrupta</span> <span class='ocrx_word' id='word_1_119' title='bbox 406 2079 552 2134; x_wconf 85' lang='lat' dir='ltr'>veterum</span> <span class='ocrx_word' id='word_1_120' title='bbox 574 2065 673 2154; x_wconf 78' lang='lat' dir='ltr'>script</span> <span class='ocrx_word' id='word_1_121' title='bbox 674 2089 767 2133; x_wconf 88' lang='lat' dir='ltr'>orum</span> <span class='ocrx_word' id='word_1_122' title='bbox 787 2067 841 2132; x_wconf 90' lang='lat' dir='ltr'>vel</span> <span class='ocrx_word' id='word_1_123' title='bbox 857 2077 1147 2134; x_wconf 82' lang='lat' dir='ltr'>commemorantur</span> <span class='ocrx_word' id='word_1_124' title='bbox 1169 2067 1214 2152; x_wconf 89' lang='lat' dir='ltr'>(v.</span> <span class='ocrx_word' id='word_1_125' title='bbox 1228 2067 1330 2133; x_wconf 90' lang='lat' dir='ltr'>Bern-</span> 
     </span>
     <span class='ocr_line' id='line_1_17' title="bbox 231 2175 1330 2266; baseline -0.005 -24"><span class='ocrx_word' id='word_1_126' title='bbox 231 2176 334 2266; x_wconf 85' lang='lat' dir='ltr'>hardy</span> <span class='ocrx_word' id='word_1_127' title='bbox 356 2176 449 2242; x_wconf 79' lang='lat' dir='ltr'>Rbm.</span> <span class='ocrx_word' id='word_1_128' title='bbox 469 2175 534 2242; x_wconf 79' lang='lat' dir='ltr'>Lis.</span> <span class='ocrx_word' id='word_1_129' title='bbox 556 2177 597 2245; x_wconf 85' lang='lat' dir='ltr'>A.</span> <span class='ocrx_word' id='word_1_130' title='bbox 619 2176 675 2260; x_wconf 93' lang='grc'>45)</span> <span class='ocrx_word' id='word_1_131' title='bbox 699 2176 751 2242; x_wconf 88' lang='lat' dir='ltr'>vel</span> <span class='ocrx_word' id='word_1_132' title='bbox 776 2198 796 2242; x_wconf 88' lang='lat' dir='ltr'>a</span> <span class='ocrx_word' id='word_1_133' title='bbox 823 2175 1043 2264; x_wconf 82' lang='lat' dir='ltr'>grammaticis</span> <span class='ocrx_word' id='word_1_134' title='bbox 1070 2175 1231 2242; x_wconf 88' lang='lat' dir='ltr'>adhibitos</span> <span class='ocrx_word' id='word_1_135' title='bbox 1259 2195 1330 2238; x_wconf 87' lang='lat' dir='ltr'>esee</span> 
     </span>
     <span class='ocr_line' id='line_1_18' title="bbox 230 2269 1170 2372; baseline -0.003 -22"><span class='ocrx_word' id='word_1_136' title='bbox 230 2293 373 2372; x_wconf 82' lang='lat' dir='ltr'>apparet.</span> <span class='ocrx_word' id='word_1_137' title='bbox 1167 2269 1170 2278; x_wconf 48' lang='lat'><strong>⁴</strong></span> 
     </span>
    </p>

    <p class='ocr_par' dir='ltr' id='par_1_5' title="bbox 229 2389 1333 4292">
     <span class='ocr_line' id='line_1_19' title="bbox 312 2389 1331 2478; baseline -0.005 -20"><span class='ocrx_word' id='word_1_138' title='bbox 312 2398 341 2458; x_wconf 80' lang='lat'>6.</span> <span class='ocrx_word' id='word_1_139' title='bbox 376 2393 594 2458; x_wconf 61' lang='lat' dir='ltr'>Patauium</span> <span class='ocrx_word' id='word_1_140' title='bbox 622 2401 730 2458; x_wconf 87' lang='lat' dir='ltr'>autem</span> <span class='ocrx_word' id='word_1_141' title='bbox 758 2391 913 2475; x_wconf 70' lang='lat' dir='ltr'>oudinum,</span> <span class='ocrx_word' id='word_1_142' title='bbox 942 2417 962 2458; x_wconf 93' lang='lat' dir='ltr'>a</span> <span class='ocrx_word' id='word_1_143' title='bbox 990 2390 1106 2478; x_wconf 88' lang='lat' dir='ltr'>quibus</span> <span class='ocrx_word' id='word_1_144' title='bbox 1126 2389 1200 2456; x_wconf 84' lang='lat' dir='ltr'>mad</span> <span class='ocrx_word' id='word_1_145' title='bbox 1226 2389 1331 2454; x_wconf 82' lang='lat' dir='ltr'>ettad</span> 
     </span>
     <span class='ocr_line' id='line_1_20' title="bbox 230 2497 1331 2586; baseline -0.001 -23"><span class='ocrx_word' id='word_1_146' title='bbox 230 2498 350 2566; x_wconf 86' lang='lat' dir='ltr'>formas</span> <span class='ocrx_word' id='word_1_147' title='bbox 372 2501 467 2566; x_wconf 82' lang='lat' dir='ltr'>tertio</span> <span class='ocrx_word' id='word_1_148' title='bbox 489 2501 562 2566; x_wconf 87' lang='lat' dir='ltr'>loeo</span> <span class='ocrx_word' id='word_1_149' title='bbox 581 2499 800 2566; x_wconf 79' lang='lat' dir='ltr'>commendari</span> <span class='ocrx_word' id='word_1_150' title='bbox 819 2521 917 2586; x_wconf 87' lang='lat' dir='ltr'>supra</span> <span class='ocrx_word' id='word_1_151' title='bbox 938 2499 1087 2576; x_wconf 87' lang='lat' dir='ltr'>diximus,</span> <span class='ocrx_word' id='word_1_152' title='bbox 1108 2519 1242 2563; x_wconf 89' lang='lat' dir='ltr'>numero</span> <span class='ocrx_word' id='word_1_153' title='bbox 1266 2497 1331 2562; x_wconf 86' lang='lat' dir='ltr'>exi·</span> 
     </span>
     <span class='ocr_line' id='line_1_21' title="bbox 230 2603 1329 2694; baseline -0.004 -20"><span class='ocrx_word' id='word_1_154' title='bbox 230 2607 366 2674; x_wconf 82' lang='lat' dir='ltr'>mondus</span> <span class='ocrx_word' id='word_1_155' title='bbox 382 2615 430 2674; x_wconf 87' lang='lat' dir='ltr'>est</span> <span class='ocrx_word' id='word_1_156' title='bbox 445 2605 740 2694; x_wconf 87' lang='lat' dir='ltr'>praestantissimus</span> <span class='ocrx_word' id='word_1_157' title='bbox 759 2606 1003 2690; x_wconf 81' lang='lat' dir='ltr'>Ambrosianus,</span> <span class='ocrx_word' id='word_1_158' title='bbox 1027 2615 1184 2694; x_wconf 87' lang='lat' dir='ltr'>quantum</span> <span class='ocrx_word' id='word_1_159' title='bbox 1199 2603 1329 2691; x_wconf 88' lang='lat' dir='ltr'>quidem</span> 
     </span>
     <span class='ocr_line' id='line_1_22' title="bbox 230 2713 1328 2803; baseline -0.004 -21"><span class='ocrx_word' id='word_1_160' title='bbox 230 2738 272 2782; x_wconf 85' lang='lat' dir='ltr'>ex</span> <span class='ocrx_word' id='word_1_161' title='bbox 299 2715 400 2803; x_wconf 85' lang='lat' dir='ltr'>copiis</span> <span class='ocrx_word' id='word_1_162' title='bbox 427 2714 598 2780; x_wconf 88' lang='lat' dir='ltr'>Ritsebelii</span> <span class='ocrx_word' id='word_1_163' title='bbox 624 2713 730 2780; x_wconf 86' lang='lat' dir='ltr'>adhue</span> <span class='ocrx_word' id='word_1_164' title='bbox 751 2713 873 2801; x_wconf 85' lang='lat' dir='ltr'>publici</span> <span class='ocrx_word' id='word_1_165' title='bbox 889 2714 971 2800; x_wconf 86' lang='lat' dir='ltr'>juria</span> <span class='ocrx_word' id='word_1_166' title='bbox 1000 2713 1223 2800; x_wconf 84' lang='lat' dir='ltr'>faotiseolligi</span> <span class='ocrx_word' id='word_1_167' title='bbox 1244 2713 1328 2778; x_wconf 87' lang='lat' dir='ltr'>lieet.</span> 
     </span>
     <span class='ocr_line' id='line_1_23' title="bbox 229 2819 1329 2906; baseline -0.005 -15"><span class='ocrx_word' id='word_1_168' title='bbox 229 2823 316 2891; x_wconf 88' lang='lat' dir='ltr'>Nam</span> <span class='ocrx_word' id='word_1_169' title='bbox 336 2823 370 2892; x_wconf 89' lang='lat' dir='ltr'>in</span> <span class='ocrx_word' id='word_1_170' title='bbox 391 2822 586 2890; x_wconf 81' lang='lat' dir='ltr'>editionibus</span> <span class='ocrx_word' id='word_1_171' title='bbox 614 2821 782 2890; x_wconf 84' lang='lat' dir='ltr'>Ritsohelii</span> <span class='ocrx_word' id='word_1_172' title='bbox 810 2831 843 2888; x_wconf 88' lang='grc' dir='ltr'>ιι</span> <span class='ocrx_word' id='word_1_173' title='bbox 864 2821 1064 2888; x_wconf 79' lang='lat' dir='ltr'>Fleckeiseni</span> <span class='ocrx_word' id='word_1_174' title='bbox 1093 2821 1222 2906; x_wconf 91' lang='lat' dir='ltr'>(harum</span> <span class='ocrx_word' id='word_1_175' title='bbox 1244 2819 1329 2886; x_wconf 88' lang='lat' dir='ltr'>enim</span> 
     </span>
     <span class='ocr_line' id='line_1_24' title="bbox 231 2927 1329 3017; baseline -0.003 -21"><span class='ocrx_word' id='word_1_176' title='bbox 231 2930 319 3017; x_wconf 89' lang='lat' dir='ltr'>quod</span> <span class='ocrx_word' id='word_1_177' title='bbox 340 2930 408 2997; x_wconf 86' lang='lat' dir='ltr'><strong>fere</strong></span> <span class='ocrx_word' id='word_1_178' title='bbox 429 2932 569 3000; x_wconf 87' lang='lat' dir='ltr'>solarum</span> <span class='ocrx_word' id='word_1_179' title='bbox 597 2927 757 2998; x_wconf 86' lang='lat' dir='ltr'>rationem</span> <span class='ocrx_word' id='word_1_180' title='bbox 778 2930 951 3013; x_wconf 85' lang='lat' dir='ltr'>habemus,</span> <span class='ocrx_word' id='word_1_181' title='bbox 980 2951 1075 2997; x_wconf 88' lang='lat' dir='ltr'>nemo</span> <span class='ocrx_word' id='word_1_182' title='bbox 1107 2928 1185 2996; x_wconf 88' lang='lat' dir='ltr'>vitio</span> <span class='ocrx_word' id='word_1_183' title='bbox 1213 2937 1329 3010; x_wconf 83' lang='lat' dir='ltr'>vertet,</span> 
     </span>
     <span class='ocr_line' id='line_1_25' title="bbox 230 3035 1330 3126; baseline -0.005 -20"><span class='ocrx_word' id='word_1_184' title='bbox 230 3041 293 3106; x_wconf 92' lang='lat' dir='ltr'>nisi</span> <span class='ocrx_word' id='word_1_185' title='bbox 319 3041 375 3126; x_wconf 91' lang='lat' dir='ltr'>qui</span> <span class='ocrx_word' id='word_1_186' title='bbox 402 3041 550 3110; x_wconf 87' lang='lat' dir='ltr'>sordibus</span> <span class='ocrx_word' id='word_1_187' title='bbox 581 3048 614 3106; x_wconf 88' lang='grc' dir='ltr'>ιι</span> <span class='ocrx_word' id='word_1_188' title='bbox 634 3040 744 3106; x_wconf 85' lang='lat' dir='ltr'>illuvie</span> <span class='ocrx_word' id='word_1_189' title='bbox 772 3038 972 3106; x_wconf 89' lang='lat' dir='ltr'>stabulorum</span> <span class='ocrx_word' id='word_1_190' title='bbox 992 3035 1123 3122; x_wconf 82' lang='lat' dir='ltr'>Augias</span> <span class='ocrx_word' id='word_1_191' title='bbox 1152 3035 1256 3124; x_wconf 83' lang='lat' dir='ltr'>magis</span> <span class='ocrx_word' id='word_1_192' title='bbox 1277 3035 1330 3102; x_wconf 80' lang='lat' dir='ltr'>de</span> 
     </span>
     <span class='ocr_line' id='line_1_26' title="bbox 231 3143 1330 3233; baseline -0.005 -20"><span class='ocrx_word' id='word_1_193' title='bbox 231 3148 378 3229; x_wconf 78' lang='lat' dir='ltr'>lectatur,</span> <span class='ocrx_word' id='word_1_194' title='bbox 408 3169 505 3233; x_wconf 87' lang='lat' dir='ltr'>quarn</span> <span class='ocrx_word' id='word_1_195' title='bbox 527 3147 685 3212; x_wconf 90' lang='lat' dir='ltr'>munditie</span> <span class='ocrx_word' id='word_1_196' title='bbox 706 3156 739 3213; x_wconf 87' lang='lat' dir='ltr'>et</span> <span class='ocrx_word' id='word_1_197' title='bbox 766 3147 870 3212; x_wconf 88' lang='lat' dir='ltr'>nitore</span> <span class='ocrx_word' id='word_1_198' title='bbox 892 3152 1164 3231; x_wconf 87' lang='lat' dir='ltr'>perpurgatorum</span> <span class='ocrx_word' id='word_1_199' title='bbox 1186 3143 1227 3208; x_wconf 86' lang='lat' dir='ltr'>ab</span> <span class='ocrx_word' id='word_1_200' title='bbox 1248 3143 1330 3210; x_wconf 89' lang='lat' dir='ltr'><strong>Her·</strong></span> 
     </span>
     <span class='ocr_line' id='line_1_27' title="bbox 229 3252 1330 3340; baseline -0.006 -18"><span class='ocrx_word' id='word_1_201' title='bbox 229 3254 323 3339; x_wconf 72' lang='lat' dir='ltr'>cula)</span> <span class='ocrx_word' id='word_1_202' title='bbox 341 3254 386 3320; x_wconf 87' lang='lat' dir='ltr'>eis</span> <span class='ocrx_word' id='word_1_203' title='bbox 408 3253 589 3321; x_wconf 86' lang='lat' dir='ltr'>fabularum</span> <span class='ocrx_word' id='word_1_204' title='bbox 610 3255 701 3338; x_wconf 85' lang='lat' dir='ltr'>locis,</span> <span class='ocrx_word' id='word_1_205' title='bbox 723 3253 826 3340; x_wconf 91' lang='lat' dir='ltr'>quiin</span> <span class='ocrx_word' id='word_1_206' title='bbox 848 3254 1055 3340; x_wconf 79' lang='lat' dir='ltr'>palimpsesto</span> <span class='ocrx_word' id='word_1_207' title='bbox 1078 3252 1242 3340; x_wconf 86' lang='lat' dir='ltr'>leguntur,</span> <span class='ocrx_word' id='word_1_208' title='bbox 1264 3257 1330 3316; x_wconf 85' lang='lat' dir='ltr'>nori</span> 
     </span>
     <span class='ocr_line' id='line_1_28' title="bbox 230 3357 1330 3450; baseline -0.004 -22"><span class='ocrx_word' id='word_1_209' title='bbox 230 3363 293 3430; x_wconf 85' lang='lat' dir='ltr'>nisi</span> <span class='ocrx_word' id='word_1_210' title='bbox 314 3383 413 3430; x_wconf 89' lang='lat' dir='ltr'>unum</span> <span class='ocrx_word' id='word_1_211' title='bbox 427 3363 533 3450; x_wconf 87' lang='lat' dir='ltr'>idque</span> <span class='ocrx_word' id='word_1_212' title='bbox 554 3361 802 3428; x_wconf 81' lang='lat' dir='ltr'>incertissimum</span> <span class='ocrx_word' id='word_1_213' title='bbox 824 3359 997 3446; x_wconf 83' lang='lat' dir='ltr'>vestigium</span> <span class='ocrx_word' id='word_1_214' title='bbox 1016 3358 1133 3425; x_wconf 89' lang='lat' dir='ltr'>dubiae</span> <span class='ocrx_word' id='word_1_215' title='bbox 1154 3357 1330 3424; x_wconf 77' lang='lat' dir='ltr'>accusativi</span> 
     </span>
     <span class='ocr_line' id='line_1_29' title="bbox 231 3465 1329 3560; baseline -0.007 -22"><span class='ocrx_word' id='word_1_216' title='bbox 231 3471 352 3560; x_wconf 84' lang='lat' dir='ltr'>speciei</span> <span class='ocrx_word' id='word_1_217' title='bbox 373 3469 634 3559; x_wconf 88' lang='lat' dir='ltr'>deprehenditur.</span> <span class='ocrx_word' id='word_1_218' title='bbox 678 3469 849 3556; x_wconf 86' lang='lat' dir='ltr'>Leguntur</span> <span class='ocrx_word' id='word_1_219' title='bbox 870 3477 978 3534; x_wconf 86' lang='lat' dir='ltr'>autern</span> <span class='ocrx_word' id='word_1_220' title='bbox 1000 3467 1091 3533; x_wconf 85' lang='lat' dir='ltr'>Trin.</span> <span class='ocrx_word' id='word_1_221' title='bbox 1113 3471 1184 3532; x_wconf 84' lang='lat'><strong>311.</strong></span> <span class='ocrx_word' id='word_1_222' title='bbox 1227 3465 1329 3534; x_wconf 78' lang='lat' dir='ltr'>Stich.</span> 
     </span>
     <span class='ocr_line' id='line_1_30' title="bbox 231 3575 1331 3647; baseline -0.007 -1"><span class='ocrx_word' id='word_1_223' title='bbox 231 3586 300 3646; x_wconf 90' lang='grc'><strong>331.</strong></span> <span class='ocrx_word' id='word_1_224' title='bbox 322 3584 393 3646; x_wconf 85' lang='grc'><strong>488.</strong></span> <span class='ocrx_word' id='word_1_225' title='bbox 416 3584 485 3647; x_wconf 90' lang='grc'><strong>504.</strong></span> <span class='ocrx_word' id='word_1_226' title='bbox 518 3577 635 3644; x_wconf 87' lang='lat' dir='ltr'>Pseud.</span> <span class='ocrx_word' id='word_1_227' title='bbox 658 3581 728 3644; x_wconf 88' lang='lat'><strong>349.</strong></span> <span class='ocrx_word' id='word_1_228' title='bbox 750 3581 821 3644; x_wconf 87' lang='grc'><strong>370.</strong></span> <span class='ocrx_word' id='word_1_229' title='bbox 846 3580 914 3642; x_wconf 77' lang='grc'><strong>589.</strong></span> <span class='ocrx_word' id='word_1_230' title='bbox 938 3581 1009 3642; x_wconf 83' lang='grc'><strong>983.</strong></span> <span class='ocrx_word' id='word_1_231' title='bbox 1035 3581 1123 3642; x_wconf 94' lang='grc'><strong>1142.</strong></span> <span class='ocrx_word' id='word_1_232' title='bbox 1158 3575 1250 3642; x_wconf 86' lang='lat' dir='ltr'>Pers.</span> <span class='ocrx_word' id='word_1_233' title='bbox 1270 3579 1331 3640; x_wconf 89' lang='grc'>280</span> 
     </span>
     <span class='ocr_line' id='line_1_31' title="bbox 231 3679 1330 3776; baseline -0.005 -26"><span class='ocrx_word' id='word_1_234' title='bbox 231 3686 303 3770; x_wconf 90' lang='lat' dir='ltr'>(ubi</span> <span class='ocrx_word' id='word_1_235' title='bbox 324 3687 356 3752; x_wconf 89' lang='lat' dir='ltr'>R</span> <span class='ocrx_word' id='word_1_236' title='bbox 377 3711 385 3751; x_wconf 79' lang='grc' dir='ltr'>ι</span> <span class='ocrx_word' id='word_1_237' title='bbox 409 3688 518 3776; x_wconf 50' lang='lat' dir='ltr'>ditarit</span> <span class='ocrx_word' id='word_1_238' title='bbox 545 3710 612 3750; x_wconf 85' lang='lat' dir='ltr'>me.</span> <span class='ocrx_word' id='word_1_239' title='bbox 634 3685 747 3751; x_wconf 70' lang='lat' dir='ltr'>babae</span> <span class='ocrx_word' id='word_1_240' title='bbox 767 3685 813 3768; x_wconf 86' lang='lat' dir='ltr'>A,</span> <span class='ocrx_word' id='word_1_241' title='bbox 842 3697 900 3750; x_wconf 80' lang='lat' dir='ltr'>mat</span> <span class='ocrx_word' id='word_1_242' title='bbox 928 3695 979 3770; x_wconf 80' lang='lat' dir='ltr'>„ut</span> <span class='ocrx_word' id='word_1_243' title='bbox 1004 3689 1099 3749; x_wconf 75' lang='lat' dir='ltr'>virum</span> <span class='ocrx_word' id='word_1_244' title='bbox 1128 3681 1216 3766; x_wconf 53' lang='lat' dir='ltr'>aad),</span> <span class='ocrx_word' id='word_1_245' title='bbox 1244 3679 1330 3746; x_wconf 88' lang='lat' dir='ltr'>Rud.</span> 
     </span>
     <span class='ocr_line' id='line_1_32' title="bbox 231 3788 1330 3878; baseline -0.005 -20"><span class='ocrx_word' id='word_1_246' title='bbox 231 3796 293 3858; x_wconf 88' lang='grc'>574</span> <span class='ocrx_word' id='word_1_247' title='bbox 315 3795 360 3874; x_wconf 83' lang='lat' dir='ltr'>(v.</span> <span class='ocrx_word' id='word_1_248' title='bbox 382 3794 466 3860; x_wconf 90' lang='lat' dir='ltr'>Nov.</span> <span class='ocrx_word' id='word_1_249' title='bbox 489 3794 576 3861; x_wconf 89' lang='lat' dir='ltr'>Mus.</span> <span class='ocrx_word' id='word_1_250' title='bbox 594 3793 698 3860; x_wconf 85' lang='lat' dir='ltr'>Rbon.</span> <span class='ocrx_word' id='word_1_251' title='bbox 722 3793 754 3859; x_wconf 91' lang='lat' dir='ltr'>V</span> <span class='ocrx_word' id='word_1_252' title='bbox 778 3791 861 3878; x_wconf 87' lang='lat'>134).</span> <span class='ocrx_word' id='word_1_253' title='bbox 906 3791 1002 3873; x_wconf 78' lang='lat' dir='ltr'>Quod</span> <span class='ocrx_word' id='word_1_254' title='bbox 1023 3800 1136 3856; x_wconf 88' lang='lat' dir='ltr'>eontra</span> <span class='ocrx_word' id='word_1_255' title='bbox 1158 3788 1330 3856; x_wconf 87' lang='lat' dir='ltr'>dolendum</span> 
     </span>
     <span class='ocr_line' id='line_1_33' title="bbox 232 3899 1330 3990; baseline -0.005 -24"><span class='ocrx_word' id='word_1_256' title='bbox 232 3909 290 3984; x_wconf 85' lang='lat' dir='ltr'>est,</span> <span class='ocrx_word' id='word_1_257' title='bbox 312 3899 400 3988; x_wconf 89' lang='lat' dir='ltr'>quod</span> <span class='ocrx_word' id='word_1_258' title='bbox 422 3924 506 3988; x_wconf 89' lang='lat' dir='ltr'>quae</span> <span class='ocrx_word' id='word_1_259' title='bbox 527 3912 638 3990; x_wconf 89' lang='lat' dir='ltr'>partes</span> <span class='ocrx_word' id='word_1_260' title='bbox 659 3901 808 3989; x_wconf 81' lang='lat' dir='ltr'>rescripti</span> <span class='ocrx_word' id='word_1_261' title='bbox 830 3900 961 3966; x_wconf 87' lang='lat' dir='ltr'>ablativi</span> <span class='ocrx_word' id='word_1_262' title='bbox 982 3900 1103 3966; x_wconf 83' lang='lat' dir='ltr'>formas</span> <span class='ocrx_word' id='word_1_263' title='bbox 1125 3899 1202 3964; x_wconf 90' lang='lat' dir='ltr'>olim</span> <span class='ocrx_word' id='word_1_264' title='bbox 1224 3919 1330 3964; x_wconf 87' lang='lat' dir='ltr'>serva·</span> 
     </span>
     <span class='ocr_line' id='line_1_34' title="bbox 233 4005 1333 4090; baseline -0.004 -18"><span class='ocrx_word' id='word_1_265' title='bbox 233 4007 328 4090; x_wconf 81' lang='lat' dir='ltr'>bant,</span> <span class='ocrx_word' id='word_1_266' title='bbox 358 4007 391 4072; x_wconf 91' lang='lat' dir='ltr'>in</span> <span class='ocrx_word' id='word_1_267' title='bbox 411 4008 528 4076; x_wconf 83' lang='lat' dir='ltr'>fabulis</span> <span class='ocrx_word' id='word_1_268' title='bbox 547 4034 566 4076; x_wconf 90' lang='lat' dir='ltr'>a</span> <span class='ocrx_word' id='word_1_269' title='bbox 587 4009 764 4076; x_wconf 85' lang='lat' dir='ltr'>Ritsahelio</span> <span class='ocrx_word' id='word_1_270' title='bbox 787 4009 891 4075; x_wconf 86' lang='lat' dir='ltr'>adhue</span> <span class='ocrx_word' id='word_1_271' title='bbox 919 4007 1068 4075; x_wconf 82' lang='lat' dir='ltr'>editis-</span> <span class='ocrx_word' id='word_1_272' title='bbox 1090 4005 1187 4072; x_wconf 82' lang='lat' dir='ltr'>habet</span> <span class='ocrx_word' id='word_1_273' title='bbox 1209 4006 1236 4070; x_wconf 87' lang='lat' dir='ltr'>ia</span> <span class='ocrx_word' id='word_1_274' title='bbox 1264 4005 1333 4069; x_wconf 82' lang='lat' dir='ltr'>med</span> 
     </span>
     <span class='ocr_line' id='line_1_35' title="bbox 233 4111 1329 4186; baseline -0.005 -4"><span class='ocrx_word' id='word_1_275' title='bbox 233 4125 266 4182; x_wconf 88' lang='grc' dir='ltr'>ιι</span> <span class='ocrx_word' id='word_1_276' title='bbox 288 4115 339 4180; x_wconf 81' lang='lat' dir='ltr'>ted</span> <span class='ocrx_word' id='word_1_277' title='bbox 352 4115 422 4182; x_wconf 88' lang='lat' dir='ltr'>Mil.</span> <span class='ocrx_word' id='word_1_278' title='bbox 437 4121 509 4182; x_wconf 87' lang='grc'><strong>313.</strong></span> <span class='ocrx_word' id='word_1_279' title='bbox 535 4122 622 4184; x_wconf 90' lang='grc'><strong>1342.</strong></span> <span class='ocrx_word' id='word_1_280' title='bbox 658 4117 777 4186; x_wconf 85' lang='lat' dir='ltr'>Baoeh.</span> <span class='ocrx_word' id='word_1_281' title='bbox 790 4121 861 4184; x_wconf 88' lang='lat'><strong>488.</strong></span> <span class='ocrx_word' id='word_1_282' title='bbox 884 4119 955 4182; x_wconf 91' lang='grc'><strong>740.</strong></span> <span class='ocrx_word' id='word_1_283' title='bbox 988 4114 1088 4184; x_wconf 80' lang='lat' dir='ltr'>Stich.</span> <span class='ocrx_word' id='word_1_284' title='bbox 1110 4117 1180 4180; x_wconf 86' lang='grc'><strong>538.</strong></span> <span class='ocrx_word' id='word_1_285' title='bbox 1213 4111 1329 4180; x_wconf 86' lang='lat' dir='ltr'>Pseud.</span> 
     </span>
     <span class='ocr_line' id='line_1_36' title="bbox 233 4219 1331 4292; baseline -0.004 -2"><span class='ocrx_word' id='word_1_286' title='bbox 233 4228 281 4290; x_wconf 89' lang='lat'>61.</span> <span class='ocrx_word' id='word_1_287' title='bbox 305 4223 559 4292; x_wconf 79' lang='lat'><strong>71.485.1069.</strong></span> <span class='ocrx_word' id='word_1_288' title='bbox 602 4223 690 4292; x_wconf 86' lang='lat' dir='ltr'>Men.</span> <span class='ocrx_word' id='word_1_289' title='bbox 711 4230 783 4292; x_wconf 84' lang='grc'><strong>492.</strong></span> <span class='ocrx_word' id='word_1_290' title='bbox 806 4227 877 4292; x_wconf 86' lang='grc'><strong>546.</strong></span> <span class='ocrx_word' id='word_1_291' title='bbox 902 4229 990 4290; x_wconf 80' lang='grc'><strong>1022.</strong></span> <span class='ocrx_word' id='word_1_292' title='bbox 1016 4227 1104 4288; x_wconf 91' lang='grc'><strong>1044.</strong></span> <span class='ocrx_word' id='word_1_293' title='bbox 1147 4219 1247 4288; x_wconf 83' lang='lat' dir='ltr'>Most.</span> <span class='ocrx_word' id='word_1_294' title='bbox 1268 4225 1331 4286; x_wconf 87' lang='lat'>344</span> 
     </span>
    </p>
   </div>
   <div class='ocr_carea' id='block_1_5' title="bbox 0 0 1478 4870">
    <p class='ocr_par' dir='ltr' id='par_1_6' title="bbox 0 0 1478 4870">
     <span class='ocr_line' id='line_1_37' title="bbox 0 0 1478 4870; baseline 0 0"><span class='ocrx_word' id='word_1_295' title='bbox 0 0 1478 4870; x_wconf 95' lang='lat' dir='ltr'> </span> 
     </span>
    </p>
   </div>
  </div>
 </body>
</html>
