<?xml version="1.0" encoding="UTF-8"?>
<!DOCTYPE html PUBLIC "-//W3C//DTD XHTML 1.0 Transitional//EN"
    "http://www.w3.org/TR/xhtml1/DTD/xhtml1-transitional.dtd">
<html xmlns="http://www.w3.org/1999/xhtml" xml:lang="en" lang="en">
 <head>
  <title>
</title>
<meta http-equiv="Content-Type" content="text/html;charset=utf-8" />
  <meta name='ocr-system' content='tesseract 3.04.00' />
  <meta name='ocr-capabilities' content='ocr_page ocr_carea ocr_par ocr_line ocrx_word'/>
</head>
<body>
  <div class='ocr_page' id='page_1' title='image "./meletemataplaut00umpfgoog_0076.png"; bbox 0 0 2946 4870; ppageno 0'>
   <div class='ocr_carea' id='block_1_1' title="bbox 1194 341 1233 405">
    <p class='ocr_par' dir='ltr' id='par_1_1' title="bbox 1194 341 1233 405">
     <span class='ocr_line' id='line_1_1' title="bbox 1194 341 1233 405; baseline 0.051 -2"><span class='ocrx_word' id='word_1_1' title='bbox 1194 341 1233 405; x_wconf 84' lang='grc'>65</span> 
     </span>
    </p>
   </div>
   <div class='ocr_carea' id='block_1_2' title="bbox 135 515 1234 1037">
    <p class='ocr_par' dir='ltr' id='par_1_2' title="bbox 587 515 1059 604">
     <span class='ocr_line' id='line_1_2' title="bbox 587 515 1059 604; baseline 0.002 -20"><span class='ocrx_word' id='word_1_2' title='bbox 587 517 744 597; x_wconf 77' lang='lat' dir='ltr'>Primum,</span> <span class='ocrx_word' id='word_1_3' title='bbox 764 515 792 582; x_wconf 94' lang='lat' dir='ltr'>si</span> <span class='ocrx_word' id='word_1_4' title='bbox 811 517 845 584; x_wconf 94' lang='lat' dir='ltr'>id</span> <span class='ocrx_word' id='word_1_5' title='bbox 865 517 936 586; x_wconf 82' lang='lat' dir='ltr'>fieri</span> <span class='ocrx_word' id='word_1_6' title='bbox 952 519 1059 604; x_wconf 81' lang='lat' dir='ltr'>po&#39;ssit,</span> 
     </span>
    </p>

    <p class='ocr_par' dir='ltr' id='par_1_3' title="bbox 135 623 1234 934">
     <span class='ocr_line' id='line_1_3' title="bbox 193 623 1193 714; baseline 0.001 -23"><span class='ocrx_word' id='word_1_7' title='bbox 193 625 246 691; x_wconf 89' lang='lat' dir='ltr'>Ne</span> <span class='ocrx_word' id='word_1_8' title='bbox 265 623 400 713; x_wconf 75' lang='lat' dir='ltr'>indigna</span> <span class='ocrx_word' id='word_1_9' title='bbox 421 624 563 713; x_wconf 81' lang='lat' dir='ltr'>indignis</span> <span class='ocrx_word' id='word_1_10' title='bbox 584 625 619 692; x_wconf 79' lang='lat' dir='ltr'>di</span> <span class='ocrx_word' id='word_1_11' title='bbox 638 628 756 711; x_wconf 79' lang='lat' dir='ltr'>dorent,</span> <span class='ocrx_word' id='word_1_12' title='bbox 778 625 811 693; x_wconf 93' lang='lat' dir='ltr'>id</span> <span class='ocrx_word' id='word_1_13' title='bbox 832 647 893 714; x_wconf 88' lang='lat' dir='ltr'>ego</span> <span class='ocrx_word' id='word_1_14' title='bbox 915 627 1047 694; x_wconf 73' lang='lat' dir='ltr'>evenire</span> <span class='ocrx_word' id='word_1_15' title='bbox 1066 628 1193 693; x_wconf 58' lang='lat' dir='ltr'>nalem:</span> 
     </span>
     <span class='ocr_line' id='line_1_4' title="bbox 135 731 1234 818; baseline 0.001 -19"><span class='ocrx_word' id='word_1_16' title='bbox 135 733 195 802; x_wconf 92' lang='lat' dir='ltr'>ubi</span> <span class='ocrx_word' id='word_1_17' title='bbox 226 745 332 818; x_wconf 83' lang='lat' dir='ltr'>posset</span> <span class='ocrx_word' id='word_1_18' title='bbox 366 731 455 800; x_wconf 83' lang='lat' dir='ltr'>dedit</span> <span class='ocrx_word' id='word_1_19' title='bbox 489 732 636 802; x_wconf 89' lang='lat' dir='ltr'>Bothius.</span> <span class='ocrx_word' id='word_1_20' title='bbox 693 733 815 802; x_wconf 80' lang='lat' dir='ltr'>Contra</span> <span class='ocrx_word' id='word_1_21' title='bbox 857 735 943 802; x_wconf 94' lang='lat' dir='ltr'>idem</span> <span class='ocrx_word' id='word_1_22' title='bbox 983 744 1105 802; x_wconf 90' lang='lat' dir='ltr'>temere</span> <span class='ocrx_word' id='word_1_23' title='bbox 1140 734 1234 803; x_wconf 82' lang='lat' dir='ltr'>Oura.</span> 
     </span>
     <span class='ocr_line' id='line_1_5' title="bbox 135 846 893 934; baseline 0.001 -28"><span class='ocrx_word' id='word_1_24' title='bbox 135 846 198 908; x_wconf 80' lang='lat'>226</span> <span class='ocrx_word' id='word_1_25' title='bbox 220 863 292 929; x_wconf 84' lang='lat' dir='ltr'>sqq.</span> <span class='ocrx_word' id='word_1_26' title='bbox 891 931 893 934; x_wconf 16' lang='grc' dir='ltr'>Ι</span> 
     </span>
    </p>

    <p class='ocr_par' dir='ltr' id='par_1_4' title="bbox 238 947 972 1037">
     <span class='ocr_line' id='line_1_6' title="bbox 238 947 972 1037; baseline 0.003 -23"><span class='ocrx_word' id='word_1_27' title='bbox 238 947 353 1033; x_wconf 75' lang='lat' dir='ltr'>Paveo,</span> <span class='ocrx_word' id='word_1_28' title='bbox 375 947 536 1036; x_wconf 77' lang='lat' dir='ltr'>parasitus</span> <span class='ocrx_word' id='word_1_29' title='bbox 559 953 636 1037; x_wconf 76' lang='lat' dir='ltr'>qula</span> <span class='ocrx_word' id='word_1_30' title='bbox 657 972 722 1018; x_wconf 92' lang='lat' dir='ltr'>non</span> <span class='ocrx_word' id='word_1_31' title='bbox 741 949 838 1018; x_wconf 90' lang='lat' dir='ltr'>rediit</span> <span class='ocrx_word' id='word_1_32' title='bbox 859 947 972 1035; x_wconf 72' lang='lat' dir='ltr'>Oaria3</span> 
     </span>
    </p>
   </div>
   <div class='ocr_carea' id='block_1_3' title="bbox 236 1055 1200 1362">
    <p class='ocr_par' dir='ltr' id='par_1_5' title="bbox 236 1055 1200 1362">
     <span class='ocr_line' id='line_1_7' title="bbox 236 1055 1200 1144; baseline 0.002 -22"><span class='ocrx_word' id='word_1_33' title='bbox 236 1055 377 1124; x_wconf 70' lang='lat' dir='ltr'>Adferre</span> <span class='ocrx_word' id='word_1_34' title='bbox 399 1065 570 1144; x_wconf 89' lang='lat' dir='ltr'>argentum</span> <span class='ocrx_word' id='word_1_35' title='bbox 591 1059 688 1125; x_wconf 77' lang='lat' dir='ltr'>oredo</span> <span class='ocrx_word' id='word_1_36' title='bbox 709 1080 716 1122; x_wconf 92' lang='lat'><strong>:</strong></span> <span class='ocrx_word' id='word_1_37' title='bbox 738 1081 813 1124; x_wconf 85' lang='lat' dir='ltr'>nem</span> <span class='ocrx_word' id='word_1_38' title='bbox 826 1057 862 1130; x_wconf 86' lang='lat' dir='ltr'>si</span> <span class='ocrx_word' id='word_1_39' title='bbox 882 1061 948 1124; x_wconf 79' lang='lat' dir='ltr'>non</span> <span class='ocrx_word' id='word_1_40' title='bbox 962 1057 1065 1143; x_wconf 80' lang='lat' dir='ltr'>feret,</span> <span class='ocrx_word' id='word_1_41' title='bbox 1190 1117 1200 1140; x_wconf 81' lang='grc'><strong><em>,</em></strong></span> 
     </span>
     <span class='ocr_line' id='line_1_8' title="bbox 237 1164 904 1253; baseline 0.001 -23"><span class='ocrx_word' id='word_1_42' title='bbox 237 1164 414 1230; x_wconf 72' lang='lat' dir='ltr'>Tormento</span> <span class='ocrx_word' id='word_1_43' title='bbox 436 1188 501 1231; x_wconf 93' lang='lat' dir='ltr'>non</span> <span class='ocrx_word' id='word_1_44' title='bbox 523 1165 655 1234; x_wconf 76' lang='lat' dir='ltr'>retineri</span> <span class='ocrx_word' id='word_1_45' title='bbox 669 1167 770 1253; x_wconf 81' lang='lat' dir='ltr'>potuit</span> <span class='ocrx_word' id='word_1_46' title='bbox 788 1166 904 1250; x_wconf 77' lang='lat' dir='ltr'>ferreo,</span> 
     </span>
     <span class='ocr_line' id='line_1_9' title="bbox 238 1269 1191 1362; baseline 0.001 -25"><span class='ocrx_word' id='word_1_47' title='bbox 238 1269 326 1353; x_wconf 81' lang='lat' dir='ltr'>Quin</span> <span class='ocrx_word' id='word_1_48' title='bbox 346 1272 499 1358; x_wconf 65' lang='lat' dir='ltr'>receperat</span> <span class='ocrx_word' id='word_1_49' title='bbox 519 1294 554 1348; x_wconf 87' lang='lat' dir='ltr'>se</span> <span class='ocrx_word' id='word_1_50' title='bbox 574 1273 637 1340; x_wconf 91' lang='lat' dir='ltr'>huo</span> <span class='ocrx_word' id='word_1_51' title='bbox 659 1275 765 1341; x_wconf 75' lang='lat' dir='ltr'>essum</span> <span class='ocrx_word' id='word_1_52' title='bbox 786 1273 827 1340; x_wconf 91' lang='lat' dir='ltr'>ad</span> <span class='ocrx_word' id='word_1_53' title='bbox 848 1275 1038 1362; x_wconf 73' lang='lat' dir='ltr'>praesepem</span> <span class='ocrx_word' id='word_1_54' title='bbox 1053 1295 1144 1340; x_wconf 88' lang='lat' dir='ltr'>suam</span> <span class='ocrx_word' id='word_1_55' title='bbox 1158 1311 1191 1321; x_wconf 90' lang='lat'>-</span> 
     </span>
    </p>
   </div>
   <div class='ocr_carea' id='block_1_4' title="bbox 134 1373 1365 1467">
    <p class='ocr_par' dir='ltr' id='par_1_6' title="bbox 134 1373 1365 1467">
     <span class='ocr_line' id='line_1_10' title="bbox 134 1373 1365 1467; baseline -0.002 -19"><span class='ocrx_word' id='word_1_56' title='bbox 134 1379 365 1448; x_wconf 82' lang='lat' dir='ltr'>soloecismum</span> <span class='ocrx_word' id='word_1_57' title='bbox 387 1380 503 1446; x_wconf 88' lang='lat' dir='ltr'>tollere</span> <span class='ocrx_word' id='word_1_58' title='bbox 525 1379 586 1448; x_wconf 88' lang='lat' dir='ltr'>sibi</span> <span class='ocrx_word' id='word_1_59' title='bbox 606 1381 694 1448; x_wconf 87' lang='lat' dir='ltr'>visus</span> <span class='ocrx_word' id='word_1_60' title='bbox 716 1389 765 1448; x_wconf 89' lang='lat' dir='ltr'>cst</span> <span class='ocrx_word' id='word_1_61' title='bbox 779 1379 949 1446; x_wconf 90' lang='lat' dir='ltr'>scribendo</span> <span class='ocrx_word' id='word_1_62' title='bbox 971 1381 1123 1467; x_wconf 70' lang='lat' dir='ltr'>receptat:</span> <span class='ocrx_word' id='word_1_63' title='bbox 1145 1381 1238 1467; x_wconf 89' lang='lat' dir='ltr'>quasi</span> <span class='ocrx_word' id='word_1_64' title='bbox 1358 1373 1365 1428; x_wconf 73' lang='lat' dir='ltr'><em>f</em></span> 
     </span>
    </p>
   </div>
   <div class='ocr_carea' id='block_1_5' title="bbox 86 1485 1296 4167">
    <p class='ocr_par' dir='ltr' id='par_1_7' title="bbox 86 1485 1296 1793">
     <span class='ocr_line' id='line_1_11' title="bbox 86 1485 1296 1577; baseline -0.002 -21"><span class='ocrx_word' id='word_1_65' title='bbox 86 1553 91 1556; x_wconf 88' lang='lat'>.</span> <span class='ocrx_word' id='word_1_66' title='bbox 133 1511 216 1556; x_wconf 85' lang='lat' dir='ltr'>vero</span> <span class='ocrx_word' id='word_1_67' title='bbox 239 1485 450 1577; x_wconf 75' lang='lat' dir='ltr'>aequabilitas</span> <span class='ocrx_word' id='word_1_68' title='bbox 471 1510 536 1554; x_wconf 90' lang='lat' dir='ltr'>non</span> <span class='ocrx_word' id='word_1_69' title='bbox 553 1487 623 1575; x_wconf 90' lang='lat' dir='ltr'>jam</span> <span class='ocrx_word' id='word_1_70' title='bbox 646 1488 777 1556; x_wconf 90' lang='lat' dir='ltr'>turbata</span> <span class='ocrx_word' id='word_1_71' title='bbox 799 1488 841 1556; x_wconf 93' lang='lat' dir='ltr'>sit</span> <span class='ocrx_word' id='word_1_72' title='bbox 862 1487 997 1577; x_wconf 85' lang='lat' dir='ltr'>perfecti</span> <span class='ocrx_word' id='word_1_73' title='bbox 1010 1488 1103 1555; x_wconf 87' lang='lat' dir='ltr'>verbi</span> <span class='ocrx_word' id='word_1_74' title='bbox 1124 1498 1236 1576; x_wconf 90' lang='lat' dir='ltr'>poten·</span> <span class='ocrx_word' id='word_1_75' title='bbox 1293 1504 1296 1509; x_wconf 86' lang='grc'><em>·</em></span> 
     </span>
     <span class='ocr_line' id='line_1_12' title="bbox 133 1594 1236 1684; baseline -0.003 -20"><span class='ocrx_word' id='word_1_76' title='bbox 133 1595 222 1664; x_wconf 90' lang='lat' dir='ltr'>tialis</span> <span class='ocrx_word' id='word_1_77' title='bbox 243 1594 436 1678; x_wconf 87' lang='lat' dir='ltr'>indicativo,</span> <span class='ocrx_word' id='word_1_78' title='bbox 467 1595 555 1683; x_wconf 90' lang='lat' dir='ltr'>quod</span> <span class='ocrx_word' id='word_1_79' title='bbox 575 1616 634 1682; x_wconf 90' lang='lat' dir='ltr'>per</span> <span class='ocrx_word' id='word_1_80' title='bbox 654 1594 922 1684; x_wconf 90' lang='lat' dir='ltr'>significationem</span> <span class='ocrx_word' id='word_1_81' title='bbox 944 1619 1035 1662; x_wconf 90' lang='lat' dir='ltr'>suam</span> <span class='ocrx_word' id='word_1_82' title='bbox 1055 1595 1236 1684; x_wconf 84' lang='lat' dir='ltr'>imperfecti</span> 
     </span>
     <span class='ocr_line' id='line_1_13' title="bbox 134 1703 1236 1793; baseline -0.001 -22"><span class='ocrx_word' id='word_1_83' title='bbox 134 1705 219 1792; x_wconf 91' lang='lat' dir='ltr'>conj.</span> <span class='ocrx_word' id='word_1_84' title='bbox 239 1703 409 1792; x_wconf 90' lang='lat' dir='ltr'>pendentis</span> <span class='ocrx_word' id='word_1_85' title='bbox 430 1703 521 1770; x_wconf 89' lang='lat' dir='ltr'>verbi</span> <span class='ocrx_word' id='word_1_86' title='bbox 549 1703 616 1770; x_wconf 89' lang='lat' dir='ltr'>vim</span> <span class='ocrx_word' id='word_1_87' title='bbox 645 1704 754 1771; x_wconf 88' lang='lat' dir='ltr'>habet.</span> <span class='ocrx_word' id='word_1_88' title='bbox 804 1703 946 1772; x_wconf 88' lang='lat' dir='ltr'>Admisit</span> <span class='ocrx_word' id='word_1_89' title='bbox 975 1704 1112 1771; x_wconf 84' lang='lat' dir='ltr'>fortasse</span> <span class='ocrx_word' id='word_1_90' title='bbox 1139 1710 1236 1793; x_wconf 71' lang='lat' dir='ltr'>polita</span> 
     </span>
    </p>

    <p class='ocr_par' dir='ltr' id='par_1_8' title="bbox 114 1797 1236 2442">
     <span class='ocr_line' id='line_1_14' title="bbox 114 1797 1236 1901; baseline -0.002 -22"><span class='ocrx_word' id='word_1_91' title='bbox 114 1797 327 1881; x_wconf 52' lang='lat' dir='ltr'>⁴insolentem</span> <span class='ocrx_word' id='word_1_92' title='bbox 354 1820 538 1899; x_wconf 90' lang='lat' dir='ltr'>temporum</span> <span class='ocrx_word' id='word_1_93' title='bbox 564 1810 841 1898; x_wconf 87' lang='lat' dir='ltr'>conjunctionem,</span> <span class='ocrx_word' id='word_1_94' title='bbox 872 1810 948 1901; x_wconf 90' lang='lat' dir='ltr'>quia</span> <span class='ocrx_word' id='word_1_95' title='bbox 968 1811 1122 1900; x_wconf 85' lang='lat' dir='ltr'>temporis</span> <span class='ocrx_word' id='word_1_96' title='bbox 1141 1811 1236 1878; x_wconf 89' lang='lat' dir='ltr'>ratio·</span> 
     </span>
     <span class='ocr_line' id='line_1_15' title="bbox 134 1918 1234 2008; baseline -0.002 -20"><span class='ocrx_word' id='word_1_97' title='bbox 134 1943 211 1988; x_wconf 89' lang='lat' dir='ltr'>nem</span> <span class='ocrx_word' id='word_1_98' title='bbox 231 1919 392 2008; x_wconf 82' lang='lat' dir='ltr'>respicere</span> <span class='ocrx_word' id='word_1_99' title='bbox 406 1919 529 2004; x_wconf 85' lang='lat' dir='ltr'>maluit,</span> <span class='ocrx_word' id='word_1_100' title='bbox 552 1942 650 2008; x_wconf 92' lang='lat' dir='ltr'>quam</span> <span class='ocrx_word' id='word_1_101' title='bbox 663 1918 860 1986; x_wconf 90' lang='lat' dir='ltr'>condicionis</span> <span class='ocrx_word' id='word_1_102' title='bbox 874 1921 1092 1988; x_wconf 92' lang='lat' dir='ltr'>membrorum</span> <span class='ocrx_word' id='word_1_103' title='bbox 1105 1943 1234 1986; x_wconf 86' lang='lat' dir='ltr'>nexum.</span> 
     </span>
     <span class='ocr_line' id='line_1_16' title="bbox 136 2026 1236 2116; baseline -0.003 -19"><span class='ocrx_word' id='word_1_104' title='bbox 136 2029 317 2097; x_wconf 77' lang='lat' dir='ltr'>Consolane</span> <span class='ocrx_word' id='word_1_105' title='bbox 339 2026 424 2092; x_wconf 91' lang='lat' dir='ltr'>enim</span> <span class='ocrx_word' id='word_1_106' title='bbox 444 2047 556 2092; x_wconf 86' lang='lat' dir='ltr'>servus</span> <span class='ocrx_word' id='word_1_107' title='bbox 576 2047 766 2114; x_wconf 87' lang='lat' dir='ltr'>persuasum</span> <span class='ocrx_word' id='word_1_108' title='bbox 791 2027 854 2094; x_wconf 92' lang='lat' dir='ltr'>sibi</span> <span class='ocrx_word' id='word_1_109' title='bbox 883 2049 954 2095; x_wconf 89' lang='lat' dir='ltr'>esse</span> <span class='ocrx_word' id='word_1_110' title='bbox 976 2027 1034 2110; x_wconf 87' lang='lat' dir='ltr'>ait,</span> <span class='ocrx_word' id='word_1_111' title='bbox 1060 2028 1131 2116; x_wconf 84' lang='lat' dir='ltr'>jam</span> <span class='ocrx_word' id='word_1_112' title='bbox 1151 2026 1236 2094; x_wconf 89' lang='lat' dir='ltr'>inter</span> 
     </span>
     <span class='ocr_line' id='line_1_17' title="bbox 134 2132 1236 2224; baseline -0.003 -21"><span class='ocrx_word' id='word_1_113' title='bbox 134 2137 205 2203; x_wconf 82' lang='lat' dir='ltr'>vias</span> <span class='ocrx_word' id='word_1_114' title='bbox 242 2157 312 2204; x_wconf 88' lang='lat' dir='ltr'>esse</span> <span class='ocrx_word' id='word_1_115' title='bbox 348 2132 522 2222; x_wconf 88' lang='lat' dir='ltr'>parasitum</span> <span class='ocrx_word' id='word_1_116' title='bbox 556 2134 714 2201; x_wconf 87' lang='lat' dir='ltr'>ferentem</span> <span class='ocrx_word' id='word_1_117' title='bbox 748 2135 920 2222; x_wconf 89' lang='lat' dir='ltr'>pecuniam</span> <span class='ocrx_word' id='word_1_118' title='bbox 949 2157 957 2200; x_wconf 75' lang='grc' dir='ltr'><strong><em>ε</em></strong></span> <span class='ocrx_word' id='word_1_119' title='bbox 984 2157 1081 2224; x_wconf 92' lang='lat' dir='ltr'>quam</span> <span class='ocrx_word' id='word_1_120' title='bbox 1113 2135 1141 2201; x_wconf 92' lang='lat' dir='ltr'>si</span> <span class='ocrx_word' id='word_1_121' title='bbox 1169 2157 1236 2200; x_wconf 92' lang='lat' dir='ltr'>non</span> 
     </span>
     <span class='ocr_line' id='line_1_18' title="bbox 135 2241 1236 2331; baseline -0.004 -19"><span class='ocrx_word' id='word_1_122' title='bbox 135 2247 237 2329; x_wconf 83' lang='lat' dir='ltr'>ferat,</span> <span class='ocrx_word' id='word_1_123' title='bbox 269 2263 475 2310; x_wconf 88' lang='lat' dir='ltr'>reversurum</span> <span class='ocrx_word' id='word_1_124' title='bbox 502 2241 601 2309; x_wconf 84' lang='lat' dir='ltr'>firisse</span> <span class='ocrx_word' id='word_1_125' title='bbox 629 2264 736 2331; x_wconf 89' lang='lat' dir='ltr'>neque</span> <span class='ocrx_word' id='word_1_126' title='bbox 766 2252 833 2310; x_wconf 89' lang='lat' dir='ltr'>tam</span> <span class='ocrx_word' id='word_1_127' title='bbox 864 2243 920 2310; x_wconf 92' lang='lat' dir='ltr'>diu</span> <span class='ocrx_word' id='word_1_128' title='bbox 948 2265 1135 2310; x_wconf 89' lang='lat' dir='ltr'>mansurum</span> <span class='ocrx_word' id='word_1_129' title='bbox 1168 2264 1236 2310; x_wconf 91' lang='lat' dir='ltr'>esse</span> 
     </span>
     <span class='ocr_line' id='line_1_19' title="bbox 136 2350 579 2442; baseline -0.009 -22"><span class='ocrx_word' id='word_1_130' title='bbox 136 2353 252 2442; x_wconf 88' lang='lat' dir='ltr'>procul</span> <span class='ocrx_word' id='word_1_131' title='bbox 276 2375 296 2418; x_wconf 94' lang='lat' dir='ltr'>a</span> <span class='ocrx_word' id='word_1_132' title='bbox 317 2350 447 2440; x_wconf 90' lang='lat' dir='ltr'>patroni</span> <span class='ocrx_word' id='word_1_133' title='bbox 467 2351 579 2438; x_wconf 90' lang='lat' dir='ltr'>epulis.</span> 
     </span>
    </p>

    <p class='ocr_par' dir='ltr' id='par_1_9' title="bbox 134 2455 1236 3086">
     <span class='ocr_line' id='line_1_20' title="bbox 217 2455 1235 2547; baseline -0.004 -21"><span class='ocrx_word' id='word_1_134' title='bbox 217 2461 258 2526; x_wconf 94' lang='lat' dir='ltr'>In</span> <span class='ocrx_word' id='word_1_135' title='bbox 286 2459 438 2526; x_wconf 88' lang='lat' dir='ltr'>Lucretio</span> <span class='ocrx_word' id='word_1_136' title='bbox 468 2468 577 2524; x_wconf 91' lang='lat' dir='ltr'>autem</span> <span class='ocrx_word' id='word_1_137' title='bbox 607 2467 639 2524; x_wconf 89' lang='lat' dir='ltr'>et</span> <span class='ocrx_word' id='word_1_138' title='bbox 668 2455 797 2525; x_wconf 81' lang='lat' dir='ltr'>Catullo</span> <span class='ocrx_word' id='word_1_139' title='bbox 831 2459 941 2547; x_wconf 91' lang='lat' dir='ltr'>aliqua</span> <span class='ocrx_word' id='word_1_140' title='bbox 970 2459 1118 2546; x_wconf 88' lang='lat' dir='ltr'>exempla</span> <span class='ocrx_word' id='word_1_141' title='bbox 1148 2465 1235 2542; x_wconf 86' lang='lat' dir='ltr'>sunt,</span> 
     </span>
     <span class='ocr_line' id='line_1_21' title="bbox 136 2565 1235 2657; baseline -0.002 -23"><span class='ocrx_word' id='word_1_142' title='bbox 136 2589 220 2657; x_wconf 90' lang='lat' dir='ltr'>quae</span> <span class='ocrx_word' id='word_1_143' title='bbox 251 2565 452 2650; x_wconf 83' lang='lat' dir='ltr'>Ellendtium</span> <span class='ocrx_word' id='word_1_144' title='bbox 474 2565 655 2634; x_wconf 84' lang='lat' dir='ltr'>Comment.</span> <span class='ocrx_word' id='word_1_145' title='bbox 688 2565 729 2633; x_wconf 91' lang='lat' dir='ltr'>de</span> <span class='ocrx_word' id='word_1_146' title='bbox 757 2566 851 2632; x_wconf 84' lang='lat' dir='ltr'>form.</span> <span class='ocrx_word' id='word_1_147' title='bbox 882 2575 990 2633; x_wconf 91' lang='lat' dir='ltr'>enunt.</span> <span class='ocrx_word' id='word_1_148' title='bbox 1021 2565 1145 2633; x_wconf 89' lang='lat' dir='ltr'>condic.</span> <span class='ocrx_word' id='word_1_149' title='bbox 1170 2567 1192 2632; x_wconf 92' lang='lat' dir='ltr'>l.</span> <span class='ocrx_word' id='word_1_150' title='bbox 1213 2565 1235 2632; x_wconf 94' lang='lat' dir='ltr'>l.</span> 
     </span>
     <span class='ocr_line' id='line_1_22' title="bbox 134 2675 1235 2764; baseline -0.005 -20"><span class='ocrx_word' id='word_1_151' title='bbox 134 2675 263 2764; x_wconf 86' lang='lat' dir='ltr'>Regim.</span> <span class='ocrx_word' id='word_1_152' title='bbox 289 2679 367 2742; x_wconf 82' lang='lat'>1827</span> <span class='ocrx_word' id='word_1_153' title='bbox 389 2699 421 2763; x_wconf 91' lang='lat' dir='ltr'>p.</span> <span class='ocrx_word' id='word_1_154' title='bbox 446 2682 504 2761; x_wconf 85' lang='lat'>28,</span> <span class='ocrx_word' id='word_1_155' title='bbox 544 2677 711 2743; x_wconf 81' lang='lat' dir='ltr'>Etalerum</span> <span class='ocrx_word' id='word_1_156' title='bbox 737 2675 839 2744; x_wconf 87' lang='lat' dir='ltr'>Jahni</span> <span class='ocrx_word' id='word_1_157' title='bbox 865 2675 983 2743; x_wconf 86' lang='lat' dir='ltr'>Aunsl.</span> <span class='ocrx_word' id='word_1_158' title='bbox 1012 2677 1031 2742; x_wconf 94' lang='lat' dir='ltr'>l.</span> <span class='ocrx_word' id='word_1_159' title='bbox 1055 2699 1082 2742; x_wconf 90' lang='lat' dir='ltr'>c.</span> <span class='ocrx_word' id='word_1_160' title='bbox 1110 2698 1142 2763; x_wconf 91' lang='lat' dir='ltr'>p.</span> <span class='ocrx_word' id='word_1_161' title='bbox 1165 2677 1235 2757; x_wconf 85' lang='lat'><strong>247,</strong></span> 
     </span>
     <span class='ocr_line' id='line_1_23' title="bbox 135 2781 1234 2872; baseline -0.003 -21"><span class='ocrx_word' id='word_1_162' title='bbox 135 2783 317 2872; x_wconf 88' lang='lat' dir='ltr'>Reisigium</span> <span class='ocrx_word' id='word_1_163' title='bbox 350 2782 458 2851; x_wconf 84' lang='lat' dir='ltr'>Schol.</span> <span class='ocrx_word' id='word_1_164' title='bbox 488 2782 631 2852; x_wconf 81' lang='lat' dir='ltr'>Gramm.</span> <span class='ocrx_word' id='word_1_165' title='bbox 660 2806 693 2871; x_wconf 93' lang='lat' dir='ltr'>p.</span> <span class='ocrx_word' id='word_1_166' title='bbox 717 2787 777 2848; x_wconf 83' lang='lat'>524</span> <span class='ocrx_word' id='word_1_167' title='bbox 803 2785 836 2850; x_wconf 94' lang='lat' dir='ltr'>in</span> <span class='ocrx_word' id='word_1_168' title='bbox 868 2783 933 2849; x_wconf 91' lang='lat' dir='ltr'>ullo</span> <span class='ocrx_word' id='word_1_169' title='bbox 955 2782 1110 2870; x_wconf 82' lang='lat' dir='ltr'>scriptore</span> <span class='ocrx_word' id='word_1_170' title='bbox 1133 2781 1234 2849; x_wconf 88' lang='lat' dir='ltr'>latino</span> 
     </span>
     <span class='ocr_line' id='line_1_24' title="bbox 134 2889 1236 2979; baseline -0.005 -19"><span class='ocrx_word' id='word_1_171' title='bbox 134 2893 215 2960; x_wconf 89' lang='lat' dir='ltr'>talia</span> <span class='ocrx_word' id='word_1_172' title='bbox 243 2900 355 2958; x_wconf 87' lang='lat' dir='ltr'>extare</span> <span class='ocrx_word' id='word_1_173' title='bbox 375 2890 493 2979; x_wconf 87' lang='lat' dir='ltr'>injuria</span> <span class='ocrx_word' id='word_1_174' title='bbox 512 2913 650 2978; x_wconf 83' lang='lat' dir='ltr'>negasse</span> <span class='ocrx_word' id='word_1_175' title='bbox 672 2900 824 2978; x_wconf 90' lang='lat' dir='ltr'>arguunt.</span> <span class='ocrx_word' id='word_1_176' title='bbox 867 2890 912 2958; x_wconf 85' lang='lat' dir='ltr'>Et</span> <span class='ocrx_word' id='word_1_177' title='bbox 934 2891 1030 2958; x_wconf 89' lang='lat' dir='ltr'>Lucr.</span> <span class='ocrx_word' id='word_1_178' title='bbox 1052 2891 1144 2956; x_wconf 80' lang='lat'>1356</span> <span class='ocrx_word' id='word_1_179' title='bbox 1167 2889 1236 2977; x_wconf 92' lang='lat' dir='ltr'>qui·</span> 
     </span>
     <span class='ocr_line' id='line_1_25' title="bbox 135 3000 1236 3086; baseline -0.003 -18"><span class='ocrx_word' id='word_1_180' title='bbox 135 3002 210 3068; x_wconf 91' lang='lat' dir='ltr'>dem</span> <span class='ocrx_word' id='word_1_181' title='bbox 232 3000 295 3086; x_wconf 75' lang='lat' dir='ltr'>„Er</span> <span class='ocrx_word' id='word_1_182' title='bbox 311 3000 376 3066; x_wconf 80' lang='lat' dir='ltr'>uisi</span> <span class='ocrx_word' id='word_1_183' title='bbox 393 3000 501 3065; x_wconf 78' lang='lat' dir='ltr'>inania</span> <span class='ocrx_word' id='word_1_184' title='bbox 521 3001 593 3082; x_wconf 80' lang='lat' dir='ltr'>sint,</span> <span class='ocrx_word' id='word_1_185' title='bbox 613 3022 674 3086; x_wconf 80' lang='lat' dir='ltr'>qao</span> <span class='ocrx_word' id='word_1_186' title='bbox 691 3012 818 3085; x_wconf 80' lang='lat' dir='ltr'>possset</span> <span class='ocrx_word' id='word_1_187' title='bbox 831 3019 965 3085; x_wconf 83' lang='lat' dir='ltr'>corporo</span> <span class='ocrx_word' id='word_1_188' title='bbox 981 3020 1119 3086; x_wconf 79' lang='lat' dir='ltr'>quaeqae</span> <span class='ocrx_word' id='word_1_189' title='bbox 1139 3001 1236 3065; x_wconf 64' lang='lat' dir='ltr'>Zbou-</span> 
     </span>
    </p>

    <p class='ocr_par' dir='ltr' id='par_1_10' title="bbox 116 3106 1240 4167">
     <span class='ocr_line' id='line_1_26' title="bbox 116 3106 1236 3193; baseline -0.002 -17"><span class='ocrx_word' id='word_1_190' title='bbox 116 3115 214 3188; x_wconf 78' lang='lat' dir='ltr'>‘sire,</span> <span class='ocrx_word' id='word_1_191' title='bbox 253 3107 342 3173; x_wconf 81' lang='lat' dir='ltr'>baud</span> <span class='ocrx_word' id='word_1_192' title='bbox 375 3106 444 3172; x_wconf 84' lang='lat' dir='ltr'>ullo</span> <span class='ocrx_word' id='word_1_193' title='bbox 472 3109 605 3172; x_wconf 75' lang='lat' dir='ltr'>colerem</span> <span class='ocrx_word' id='word_1_194' title='bbox 631 3106 692 3191; x_wconf 78' lang='lat' dir='ltr'>(sir</span> <span class='ocrx_word' id='word_1_195' title='bbox 713 3109 796 3172; x_wconf 85' lang='lat' dir='ltr'>codd.</span> <span class='ocrx_word' id='word_1_196' title='bbox 810 3106 927 3193; x_wconf 78' lang='lat' dir='ltr'>fieri</span> <span class='ocrx_word' id='word_1_197' title='bbox 944 3107 1093 3192; x_wconf 76' lang='lat' dir='ltr'>Locbm)</span> <span class='ocrx_word' id='word_1_198' title='bbox 1118 3108 1236 3174; x_wconf 76' lang='lat' dir='ltr'>ratione</span> 
     </span>
     <span class='ocr_line' id='line_1_27' title="bbox 134 3213 1237 3304; baseline -0.002 -20"><span class='ocrx_word' id='word_1_199' title='bbox 134 3216 274 3284; x_wconf 79' lang='lat' dir='ltr'>videres“</span> <span class='ocrx_word' id='word_1_200' title='bbox 314 3223 448 3304; x_wconf 90' lang='lat' dir='ltr'>propter</span> <span class='ocrx_word' id='word_1_201' title='bbox 487 3214 570 3282; x_wconf 88' lang='lat' dir='ltr'>hano</span> <span class='ocrx_word' id='word_1_202' title='bbox 600 3213 804 3282; x_wconf 89' lang='lat' dir='ltr'>insolentiam</span> <span class='ocrx_word' id='word_1_203' title='bbox 835 3237 901 3282; x_wconf 93' lang='lat' dir='ltr'>non</span> <span class='ocrx_word' id='word_1_204' title='bbox 935 3215 1128 3282; x_wconf 86' lang='lat' dir='ltr'>tentaverim</span> <span class='ocrx_word' id='word_1_205' title='bbox 1163 3237 1237 3282; x_wconf 90' lang='lat' dir='ltr'>oum</span> 
     </span>
     <span class='ocr_line' id='line_1_28' title="bbox 138 3321 1236 3412; baseline -0.005 -19"><span class='ocrx_word' id='word_1_206' title='bbox 138 3324 284 3393; x_wconf 83' lang='lat' dir='ltr'>Goebelo</span> <span class='ocrx_word' id='word_1_207' title='bbox 308 3321 445 3391; x_wconf 86' lang='lat' dir='ltr'>Observ.</span> <span class='ocrx_word' id='word_1_208' title='bbox 468 3323 598 3392; x_wconf 84' lang='lat' dir='ltr'>Lucret.</span> <span class='ocrx_word' id='word_1_209' title='bbox 620 3324 829 3408; x_wconf 84' lang='lat' dir='ltr'>Bonn.1854,</span> <span class='ocrx_word' id='word_1_210' title='bbox 851 3347 882 3412; x_wconf 93' lang='lat' dir='ltr'>p.</span> <span class='ocrx_word' id='word_1_211' title='bbox 900 3328 937 3408; x_wconf 77' lang='lat'>53</span> <span class='ocrx_word' id='word_1_212' title='bbox 958 3324 1015 3390; x_wconf 88' lang='lat' dir='ltr'>sed</span> <span class='ocrx_word' id='word_1_213' title='bbox 1039 3322 1066 3388; x_wconf 85' lang='lat' dir='ltr'>si</span> <span class='ocrx_word' id='word_1_214' title='bbox 1087 3323 1236 3389; x_wconf 86' lang='lat' dir='ltr'>nou&#39;sine</span> 
     </span>
     <span class='ocr_line' id='line_1_29' title="bbox 136 3430 1240 3519; baseline -0.004 -19"><span class='ocrx_word' id='word_1_215' title='bbox 136 3455 233 3501; x_wconf 89' lang='lat' dir='ltr'>causa</span> <span class='ocrx_word' id='word_1_216' title='bbox 269 3453 368 3519; x_wconf 90' lang='lat' dir='ltr'>aegre</span> <span class='ocrx_word' id='word_1_217' title='bbox 406 3431 481 3497; x_wconf 90' lang='lat' dir='ltr'>tulit</span> <span class='ocrx_word' id='word_1_218' title='bbox 515 3430 708 3498; x_wconf 89' lang='lat' dir='ltr'>inconcinne</span> <span class='ocrx_word' id='word_1_219' title='bbox 743 3432 860 3518; x_wconf 88' lang='lat' dir='ltr'>juncta</span> <span class='ocrx_word' id='word_1_220' title='bbox 897 3431 1004 3516; x_wconf 79' lang='lat' dir='ltr'>„baad</span> <span class='ocrx_word' id='word_1_221' title='bbox 1036 3430 1099 3495; x_wconf 82' lang='lat' dir='ltr'>nlla</span> <span class='ocrx_word' id='word_1_222' title='bbox 1124 3430 1240 3515; x_wconf 74' lang='lat' dir='ltr'>fieri</span> 
     </span>
     <span class='ocr_line' id='line_1_30' title="bbox 136 3537 1238 3627; baseline -0.003 -19"><span class='ocrx_word' id='word_1_223' title='bbox 136 3542 256 3608; x_wconf 81' lang='lat' dir='ltr'>ratione</span> <span class='ocrx_word' id='word_1_224' title='bbox 282 3540 415 3618; x_wconf 66' lang='lat' dir='ltr'>uellerea,</span> <span class='ocrx_word' id='word_1_225' title='bbox 444 3540 558 3627; x_wconf 82' lang='lat' dir='ltr'>qua“,</span> <span class='ocrx_word' id='word_1_226' title='bbox 597 3540 713 3606; x_wconf 89' lang='lat' dir='ltr'>ceteris</span> <span class='ocrx_word' id='word_1_227' title='bbox 740 3537 916 3606; x_wconf 90' lang='lat' dir='ltr'>immutatis</span> <span class='ocrx_word' id='word_1_228' title='bbox 943 3537 1078 3603; x_wconf 84' lang='lat' dir='ltr'>vitiosae</span> <span class='ocrx_word' id='word_1_229' title='bbox 1098 3537 1238 3605; x_wconf 89' lang='lat' dir='ltr'>lectioni</span> 
     </span>
     <span class='ocr_line' id='line_1_31' title="bbox 136 3645 1237 3732; baseline -0.002 -18"><span class='ocrx_word' id='word_1_230' title='bbox 136 3650 273 3716; x_wconf 65' lang='lat' dir='ltr'>valuerat</span> <span class='ocrx_word' id='word_1_231' title='bbox 292 3647 517 3717; x_wconf 89' lang='lat' dir='ltr'>substituimus</span> <span class='ocrx_word' id='word_1_232' title='bbox 545 3648 657 3714; x_wconf 71' lang='lat' dir='ltr'>meotis</span> <span class='ocrx_word' id='word_1_233' title='bbox 676 3647 782 3732; x_wconf 65' lang='lat' dir='ltr'>„aad</span> <span class='ocrx_word' id='word_1_234' title='bbox 801 3648 865 3714; x_wconf 84' lang='lat' dir='ltr'>ullo</span> <span class='ocrx_word' id='word_1_235' title='bbox 885 3647 992 3712; x_wconf 78' lang='lat' dir='ltr'>mentis</span> <span class='ocrx_word' id='word_1_236' title='bbox 1011 3646 1131 3712; x_wconf 77' lang='lat' dir='ltr'>ratione</span> <span class='ocrx_word' id='word_1_237' title='bbox 1150 3645 1237 3712; x_wconf 78' lang='lat' dir='ltr'>oide-</span> 
     </span>
     <span class='ocr_line' id='line_1_32' title="bbox 138 3753 1235 3842; baseline -0.003 -19"><span class='ocrx_word' id='word_1_238' title='bbox 138 3756 225 3842; x_wconf 80' lang='lat' dir='ltr'>res“;</span> <span class='ocrx_word' id='word_1_239' title='bbox 247 3759 406 3842; x_wconf 85' lang='lat' dir='ltr'>conferas,</span> <span class='ocrx_word' id='word_1_240' title='bbox 430 3778 473 3822; x_wconf 92' lang='lat' dir='ltr'>ne</span> <span class='ocrx_word' id='word_1_241' title='bbox 493 3778 566 3822; x_wconf 90' lang='lat' dir='ltr'>cum</span> <span class='ocrx_word' id='word_1_242' title='bbox 589 3755 797 3822; x_wconf 86' lang='lat' dir='ltr'>Lachmanno</span> <span class='ocrx_word' id='word_1_243' title='bbox 820 3753 861 3822; x_wconf 93' lang='lat' dir='ltr'>ad</span> <span class='ocrx_word' id='word_1_244' title='bbox 882 3754 919 3820; x_wconf 94' lang='lat' dir='ltr'>II</span> <span class='ocrx_word' id='word_1_245' title='bbox 940 3758 999 3820; x_wconf 90' lang='lat'>381</span> <span class='ocrx_word' id='word_1_246' title='bbox 1023 3758 1127 3820; x_wconf 69' lang='lat' dir='ltr'>ments</span> <span class='ocrx_word' id='word_1_247' title='bbox 1146 3758 1235 3820; x_wconf 79' lang='lat' dir='ltr'>ratio</span> 
     </span>
     <span class='ocr_line' id='line_1_33' title="bbox 136 3861 1236 3952; baseline -0.005 -21"><span class='ocrx_word' id='word_1_248' title='bbox 136 3889 202 3931; x_wconf 79' lang='lat' dir='ltr'>uem</span> <span class='ocrx_word' id='word_1_249' title='bbox 248 3863 317 3932; x_wconf 90' lang='lat' dir='ltr'>sine</span> <span class='ocrx_word' id='word_1_250' title='bbox 360 3863 562 3952; x_wconf 89' lang='lat' dir='ltr'>oppositione</span> <span class='ocrx_word' id='word_1_251' title='bbox 611 3862 787 3931; x_wconf 88' lang='lat' dir='ltr'>adhibitam</span> <span class='ocrx_word' id='word_1_252' title='bbox 829 3861 1052 3944; x_wconf 89' lang='lat' dir='ltr'>condemnes,</span> <span class='ocrx_word' id='word_1_253' title='bbox 1101 3861 1137 3928; x_wconf 90' lang='lat' dir='ltr'>H</span> <span class='ocrx_word' id='word_1_254' title='bbox 1166 3865 1236 3928; x_wconf 88' lang='grc'><strong>676.</strong></span> 
     </span>
     <span class='ocr_line' id='line_1_34' title="bbox 137 3967 1237 4058; baseline -0.005 -18"><span class='ocrx_word' id='word_1_255' title='bbox 137 3970 262 4040; x_wconf 83' lang='lat' dir='ltr'>Contra</span> <span class='ocrx_word' id='word_1_256' title='bbox 294 3972 432 4038; x_wconf 89' lang='lat' dir='ltr'>alterum</span> <span class='ocrx_word' id='word_1_257' title='bbox 453 3971 576 4055; x_wconf 87' lang='lat' dir='ltr'>locum,</span> <span class='ocrx_word' id='word_1_258' title='bbox 610 3969 666 4058; x_wconf 91' lang='lat' dir='ltr'>qui</span> <span class='ocrx_word' id='word_1_259' title='bbox 687 3969 822 4037; x_wconf 89' lang='lat' dir='ltr'>eandem</span> <span class='ocrx_word' id='word_1_260' title='bbox 843 3967 1125 4055; x_wconf 78' lang='lat' dir='ltr'>incongruentiam</span> <span class='ocrx_word' id='word_1_261' title='bbox 1146 3991 1237 4055; x_wconf 90' lang='lat' dir='ltr'>prae·</span> 
     </span>
     <span class='ocr_line' id='line_1_35' title="bbox 137 4075 1234 4167; baseline -0.003 -22"><span class='ocrx_word' id='word_1_262' title='bbox 137 4079 248 4162; x_wconf 89' lang='lat' dir='ltr'>bcbat,</span> <span class='ocrx_word' id='word_1_263' title='bbox 279 4079 401 4144; x_wconf 88' lang='lat'>11013</span> <span class='ocrx_word' id='word_1_264' title='bbox 423 4101 494 4167; x_wconf 92' lang='lat' dir='ltr'>sqq.</span> <span class='ocrx_word' id='word_1_265' title='bbox 506 4127 516 4163; x_wconf 89' lang='lat'>‚</span> <span class='ocrx_word' id='word_1_266' title='bbox 548 4077 674 4146; x_wconf 90' lang='lat' dir='ltr'>subtilis</span> <span class='ocrx_word' id='word_1_267' title='bbox 703 4075 853 4145; x_wconf 81' lang='lat' dir='ltr'>Goebelii</span> <span class='ocrx_word' id='word_1_268' title='bbox 881 4075 1056 4164; x_wconf 89' lang='lat' dir='ltr'>disputatio</span> <span class='ocrx_word' id='word_1_269' title='bbox 1088 4076 1234 4142; x_wconf 85' lang='lat' dir='ltr'>removit.</span> 
     </span>
    </p>
   </div>
   <div class='ocr_carea' id='block_1_6' title="bbox 138 4183 1232 4350">
    <p class='ocr_par' dir='ltr' id='par_1_11' title="bbox 138 4183 1232 4350">
     <span class='ocr_line' id='line_1_36' title="bbox 138 4183 1232 4275; baseline -0.005 -21"><span class='ocrx_word' id='word_1_270' title='bbox 138 4184 204 4254; x_wconf 81' lang='lat' dir='ltr'>Sed</span> <span class='ocrx_word' id='word_1_271' title='bbox 224 4187 259 4255; x_wconf 92' lang='lat' dir='ltr'>in</span> <span class='ocrx_word' id='word_1_272' title='bbox 280 4185 493 4275; x_wconf 86' lang='lat' dir='ltr'>grammatica</span> <span class='ocrx_word' id='word_1_273' title='bbox 511 4187 636 4254; x_wconf 88' lang='lat' dir='ltr'>ratione</span> <span class='ocrx_word' id='word_1_274' title='bbox 662 4207 727 4252; x_wconf 91' lang='lat' dir='ltr'>non</span> <span class='ocrx_word' id='word_1_275' title='bbox 754 4184 855 4252; x_wconf 86' lang='lat' dir='ltr'>fuisse</span> <span class='ocrx_word' id='word_1_276' title='bbox 877 4183 1106 4252; x_wconf 86' lang='lat' dir='ltr'>offendendum</span> <span class='ocrx_word' id='word_1_277' title='bbox 1127 4192 1232 4250; x_wconf 91' lang='lat' dir='ltr'>osten·</span> 
     </span>
     <span class='ocr_line' id='line_1_37' title="bbox 1014 4289 1032 4350; baseline 0 0"><span class='ocrx_word' id='word_1_278' title='bbox 1014 4289 1032 4350; x_wconf 87' lang='lat'><strong>5</strong></span> 
     </span>
    </p>
   </div>
   <div class='ocr_carea' id='block_1_7' title="bbox 0 0 1483 4870">
    <p class='ocr_par' dir='ltr' id='par_1_12' title="bbox 0 0 1483 4870">
     <span class='ocr_line' id='line_1_38' title="bbox 0 0 1483 4870; baseline 0 0"><span class='ocrx_word' id='word_1_279' title='bbox 0 0 1483 4870; x_wconf 95' lang='lat' dir='ltr'> </span> 
     </span>
    </p>
   </div>
  </div>
 </body>
</html>
