2946 4870
241 359 282 426 22

327 539 374 602 13.
417 533 534 622 Neque
563 533 597 602 in
625 531 779 598 Plautum
815 530 978 598 intulerim
1011 530 1188 620 duplicotee
1214 533 1341 600 formae

240 665 333 708 meme
353 652 386 710 et
407 653 463 708 tete
484 661 525 706 ex
546 639 647 706 Prisc.
667 639 739 706 XII
760 645 801 704 24
821 639 881 721 H.,
909 639 982 726 qui,
1003 649 1173 728 postquam
1194 640 1340 708 nomine-

240 749 343 816 tivum
365 761 397 814 tu
418 771 484 815 non
504 761 561 814 met
581 747 691 831 effixo,
714 747 770 812 sed
785 745 877 813 brevi
892 745 1017 835 eyllubo
1037 761 1065 814 te
1085 748 1199 836 augeri
1216 748 1338 833 docuit,

240 870 352 945 „tete,
384 858 499 944 inquit,
530 869 657 943 unoquo
676 854 834 942 producto
860 859 1057 922 accusativus
1079 879 1141 921 rore
1160 858 1339 944 peminatuo

239 965 407 1032 ostenditur·
436 965 487 1032 uel
513 963 682 1047 ablativus,
711 963 795 1050 quod
821 975 848 1028 et
877 963 1034 1048 inprime
1065 975 1092 1028 cl
1112 968 1142 1030 io
1163 969 1248 1030 terlio
1259 965 1342 1050 fieri

119 1135 127 1150 ‚
240 1077 313 1140 colel
330 1095 477 1159 peroouo,
497 1083 533 1138 ot
552 1093 679 1152 meme,
702 1093 806 1148 cerm
833 1071 1002 1165 composito
1021 1082 1120 1136 tamen
1140 1074 1339 1138 ostenduntur

238 1193 361 1248 accentu
384 1181 568 1266 pamultimo
593 1177 710 1243 ocuto.“
773 1177 835 1242 Hie
863 1177 1019 1265 proximis
1052 1197 1169 1244 oerore
1195 1178 1337 1245 voluisse

238 1288 368 1353 videtur
389 1285 461 1370 (sed
481 1307 547 1352 non
569 1284 688 1368 cavit),
719 1305 761 1349 ne
783 1284 855 1372 quie
883 1284 924 1350 de
952 1283 1207 1373 reduplicatione
1228 1309 1336 1374 grom-

238 1393 356 1460 maticu
376 1393 527 1462 dubitans
548 1391 741 1460 rhetoricam
761 1391 869 1478 potius
893 1413 972 1476 esee,
993 1393 1055 1476 vol,
1077 1403 1113 1458 ut
1135 1393 1205 1460 eliis
1227 1396 1337 1462 verbis

238 1502 353 1585 dicam,
374 1523 441 1570 non
461 1510 528 1567 tum
550 1501 686 1568 duarum
706 1521 824 1566 vocum
838 1499 1102 1588 compositionem
1124 1524 1222 1589 quem
1244 1523 1335 1589 rope-

238 1609 384 1676 titionem
406 1610 494 1674 cerni
515 1607 667 1675 obiceret.
710 1608 751 1673 Id
773 1609 859 1695 quod
880 1609 920 1674 de
938 1631 1033 1674 meme
1052 1609 1208 1694 exemplis
1229 1611 1335 1678 allatis

237 1741 257 1783 e
278 1717 459 1784 Forcellino
482 1726 569 1780 certe
590 1715 825 1798 affirmaverim,
848 1736 932 1804 quae
953 1725 1092 1804 utraque
1113 1717 1242 1782 suntin
1264 1739 1335 1786 ora·

236 1823 324 1889 tione
351 1823 517 1890 hominum
536 1822 744 1888 vehementer
765 1832 999 1889 commotorum
1021 1848 1029 1890 ι
1050 1823 1152 1910 Verg.
1174 1825 1257 1891 Aen.
1280 1825 1333 1892 IX

236 1935 296 1996 427
321 1931 382 2014 „M
386 1955 410 2008 e,
431 1953 505 2006 mo,
525 1932 637 1996 adeum
658 1931 715 2016 qui
724 1929 807 2014 feci,
828 1932 862 1995 cic
884 1955 929 1996 me
947 1933 1107 1998 convertite
1119 1931 1266 2018 ferrouma
1283 1934 1334 2018 (1)

238 2046 270 2104 et
286 2036 345 2104 Sil.
360 2037 413 2104 IX
434 2039 497 2103 650
518 2035 602 2122 „sed
621 2039 785 2122 conprimit
799 2061 897 2104 ensem
913 2041 1031 2106 Nescio
1052 2041 1119 2126 quis
1139 2043 1209 2106 deor
1231 2053 1258 2106 ot
1278 2063 1335 2106 me

236 2168 292 2210 me
319 2148 362 2211 od
383 2149 528 2230 praviora
549 2145 702 2212 receruot“
733 2169 740 2210 :
767 2167 963 2232 quemquam
984 2146 1011 2212 ie
1033 2156 1144 2233 potita,
1178 2171 1242 2236 quo
1265 2157 1335 2214 erat

238 2274 336 2320 coeco
359 2252 468 2319 studio
486 2249 667 2340 Vergilium
688 2252 851 2336 imitandi,
879 2253 1016 2320 fortasse
1044 2256 1208 2343 geminata
1230 2257 1334 2322 forme

235 2359 284 2426 uti
305 2360 419 2426 voluit.
463 2359 569 2442 Quem
598 2382 725 2428 versum
754 2361 844 2428 addit
871 2361 970 2428 Leur.
992 2363 1091 2431 Velle
1111 2364 1205 2450 Elcg.
1227 2365 1262 2430 II
1285 2371 1333 2430 2:

236 2467 337 2554 Verg.
366 2470 449 2534 Aen.
478 2469 550 2535 XII
579 2473 636 2535 261
666 2495 674 2536 ε
705 2469 768 2556 „M
770 2493 800 2554 e,
826 2495 878 2538 me
908 2475 985 2538 duce
1007 2470 1135 2557 forum
1169 2471 1334 2559 Corripio,

236 2573 421 2657 olintum,
453 2575 487 2640 in
512 2597 585 2642 eum
612 2577 696 2642 idem
724 2576 841 2642 cedere
868 2587 1010 2665 apparet.
1052 2579 1146 2644 Haeo
1167 2603 1209 2646 ex
1229 2580 1333 2669 potitis

236 2680 313 2746 mihi
338 2681 556 2776 innotuerunt
606 2683 693 2750 Num
714 2682 833 2751 Ootull.
855 2689 912 2763 21,
938 2691 971 2750 ll
998 2709 1005 2750 :
1028 2687 1139 2772 „Nunc
1167 2693 1269 2775 ipsum
1295 2689 1334 2754 id

236 2791 328 2873 doleo,
355 2792 435 2876 quod
455 2795 604 2874 essurire,
637 2793 755 2858 Meme
774 2815 855 2880 puer
874 2806 902 2859 et
921 2799 999 2860 otte
1019 2796 1144 2878 dirrat“,
1165 2795 1198 2861 in
1218 2819 1333 2886 propo·

235 2897 303 2962 tulo
325 2908 374 2965 eet
395 2898 547 2966 mendum
569 2900 662 2968 codd.
677 2901 878 2968 Lachmanni
900 2913 932 2969 et
953 2926 995 2968 ex
1013 2902 1089 2970 Per.
1113 2910 1131 2968 2
1155 2914 1186 2970 et
1200 2903 1332 2974 Memm.

235 3006 390 3072 memorio
409 3005 574 3092 Nemoeuo,
596 3009 732 3074 Nemeum
754 3008 961 3077 scribendum
984 3011 1047 3077 Vae
1066 3036 1165 3096 moue,
1186 3023 1223 3078 ut
1243 3019 1272 3095 8,
1295 3017 1332 3080 15

234 3131 292 3196 pro
315 3109 485 3195 „Sedecim
518 3139 555 3180 ne
575 3116 622 3182 to“
652 3118 776 3205 recepit
796 3117 989 3206 Hauptius:
1017 3143 1072 3184 oue
1092 3133 1129 3187 te.
1173 3123 1213 3188 In
1236 3121 1333 3188 Ennii

234 3216 426 3284 Alcmaeon.
449 3220 488 3286 fr.
517 3241 569 3306 up.
598 3218 666 3287 oio.
696 3223 757 3288 Ac.
787 3224 822 3290 Π
849 3230 909 3308 28,
931 3228 971 3292 59
1003 3225 1114 3314 (quem
1146 3251 1177 3294 v.
1200 3229 1332 3296 liberius

235 3323 417 3392 immutavit
436 3324 651 3411 Ribbeckiue)

276 3431 405 3515 Incede,
426 3431 540 3498 incedo
560 3456 568 3496 :
589 3433 717 3518 adsunt,
738 3436 867 3522 adeunt,
883 3461 940 3508 ‘me
961 3462 1013 3504 me
1034 3441 1221 3528 expetunt:

236 3542 409 3609 verborum
437 3539 648 3628 repetitorum
676 3545 825 3630 exemplu
852 3545 1047 3616 documento
1074 3561 1150 3617 eunt
1175 3551 1225 3618 bis
1254 3552 1332 3640 poni

239 3735 533 3746 ...ι-...ψ

299 3853 337 3920 (1)
354 3855 395 3906 De
414 3857 438 3909 h.
455 3857 474 3910 1.
491 3858 589 3910 rectius
603 3855 708 3923 judicet
721 3856 850 3909 Priscian.
868 3859 943 3910 XVII
958 3864 974 3912 3
993 3862 1142 3932 (Π10911.)
1161 3883 1168 3915 z
1186 3866 1248 3928 „llis
1265 3868 1330 3920 idem

231 3933 373 3992 elementum
391 3945 519 4010 accipitur
535 3954 563 3996 ut
580 3944 758 4013 relliquias
775 3945 890 4009 reddo,
911 3948 954 4000 red
970 3951 1044 4002 eliam
1061 3951 1170 4019 syllaba,
1199 3952 1331 4023 leleges

231 4027 332 4078 tuteli
349 4033 473 4096 peperi,
493 4031 746 4094 similitudmem,
764 4041 793 4083 ut
811 4031 866 4096 Me,
884 4051 932 4096 me,
951 4036 1061 4088 adeum
1078 4040 1132 4104 qui
1147 4039 1245 4103 feci“;
1271 4055 1330 4090 nem

234 4129 287 4164 non
309 4116 452 4182 agnovisse
475 4116 708 4184 reduplicationem
730 4119 758 4169 in
777 4119 829 4170 hoc
852 4122 971 4188 exemplo
998 4123 1199 4189 grammaticum
1222 4131 1331 4193 apparet

237 4214 270 4251 ex
288 4217 319 4254 eo
338 4202 409 4268 quod
426 4202 525 4256 addidit
542 4221 549 4256 t
569 4203 634 4268 Fuit,
651 4207 703 4271 suu
721 4209 772 4258 islo
789 4207 917 4276 quondm
933 4209 962 4262 in
978 4209 1027 4264 loe
1044 4227 1073 4262 re
1089 4210 1190 4280 pollice
1206 4213 1294 4266 cirrus.

791 4406 842 4423 Ma
