<?xml version="1.0" encoding="UTF-8"?>
<!DOCTYPE html PUBLIC "-//W3C//DTD XHTML 1.0 Transitional//EN"
    "http://www.w3.org/TR/xhtml1/DTD/xhtml1-transitional.dtd">
<html xmlns="http://www.w3.org/1999/xhtml" xml:lang="en" lang="en">
 <head>
  <title>
</title>
<meta http-equiv="Content-Type" content="text/html;charset=utf-8" />
  <meta name='ocr-system' content='tesseract 3.04.00' />
  <meta name='ocr-capabilities' content='ocr_page ocr_carea ocr_par ocr_line ocrx_word'/>
</head>
<body>
  <div class='ocr_page' id='page_1' title='image "./meletemataplaut00umpfgoog_0030.png"; bbox 0 0 2946 4870; ppageno 0'>
   <div class='ocr_carea' id='block_1_1' title="bbox 1192 413 1230 477">
    <p class='ocr_par' dir='ltr' id='par_1_1' title="bbox 1192 413 1230 477">
     <span class='ocr_line' id='line_1_1' title="bbox 1192 413 1230 477; baseline 0.026 -1"><span class='ocrx_word' id='word_1_1' title='bbox 1192 413 1230 477; x_wconf 85' lang='grc'><strong>19</strong></span> 
     </span>
    </p>
   </div>
   <div class='ocr_carea' id='block_1_2' title="bbox 134 588 1234 1319">
    <p class='ocr_par' dir='ltr' id='par_1_2' title="bbox 134 588 1234 1319">
     <span class='ocr_line' id='line_1_2' title="bbox 134 588 1230 681; baseline 0.001 -25"><span class='ocrx_word' id='word_1_2' title='bbox 134 589 225 656; x_wconf 83' lang='lat' dir='ltr'><strong>Trin.</strong></span> <span class='ocrx_word' id='word_1_3' title='bbox 244 599 351 656; x_wconf 91' lang='lat' dir='ltr'><strong>antem</strong></span> <span class='ocrx_word' id='word_1_4' title='bbox 371 611 404 656; x_wconf 89' lang='lat' dir='ltr'><strong>v.</strong></span> <span class='ocrx_word' id='word_1_5' title='bbox 426 593 497 672; x_wconf 87' lang='grc'><strong>311,</strong></span> <span class='ocrx_word' id='word_1_6' title='bbox 520 611 616 678; x_wconf 90' lang='lat' dir='ltr'><strong>quem</strong></span> <span class='ocrx_word' id='word_1_7' title='bbox 633 588 761 677; x_wconf 91' lang='lat' dir='ltr'><strong>quidem</strong></span> <span class='ocrx_word' id='word_1_8' title='bbox 777 610 797 653; x_wconf 87' lang='lat' dir='ltr'><strong>a</strong></span> <span class='ocrx_word' id='word_1_9' title='bbox 811 589 957 676; x_wconf 83' lang='lat' dir='ltr'><strong>Bergkio</strong></span> <span class='ocrx_word' id='word_1_10' title='bbox 971 589 1085 655; x_wconf 79' lang='lat' dir='ltr'><strong>Dium.</strong></span> <span class='ocrx_word' id='word_1_11' title='bbox 1116 591 1230 681; x_wconf 87' lang='lat' dir='ltr'><strong>Antiq.</strong></span> 
     </span>
     <span class='ocr_line' id='line_1_3' title="bbox 137 695 1233 785; baseline 0.001 -21"><span class='ocrx_word' id='word_1_12' title='bbox 137 701 216 764; x_wconf 82' lang='lat'>1848</span> <span class='ocrx_word' id='word_1_13' title='bbox 240 720 273 784; x_wconf 89' lang='lat' dir='ltr'><strong>p.</strong></span> <span class='ocrx_word' id='word_1_14' title='bbox 299 699 376 762; x_wconf 85' lang='grc'><strong>1037</strong></span> <span class='ocrx_word' id='word_1_15' title='bbox 392 696 468 784; x_wconf 85' lang='lat' dir='ltr'><strong>jure</strong></span> <span class='ocrx_word' id='word_1_16' title='bbox 490 705 526 761; x_wconf 91' lang='lat' dir='ltr'><strong>ut</strong></span> <span class='ocrx_word' id='word_1_17' title='bbox 546 695 775 783; x_wconf 83' lang='lat' dir='ltr'><strong>interpolatum</strong></span> <span class='ocrx_word' id='word_1_18' title='bbox 796 696 944 785; x_wconf 82' lang='lat' dir='ltr'>sequenti</span> <span class='ocrx_word' id='word_1_19' title='bbox 959 697 1031 783; x_wconf 85' lang='lat' dir='ltr'><strong>jam</strong></span> <span class='ocrx_word' id='word_1_20' title='bbox 1051 718 1070 763; x_wconf 91' lang='lat' dir='ltr'><strong>a</strong></span> <span class='ocrx_word' id='word_1_21' title='bbox 1087 696 1233 765; x_wconf 80' lang='lat' dir='ltr'><strong>Ritsche</strong></span> 
     </span>
     <span class='ocr_line' id='line_1_4' title="bbox 134 801 1234 893; baseline 0.001 -23"><span class='ocrx_word' id='word_1_22' title='bbox 134 805 178 871; x_wconf 91' lang='lat' dir='ltr'><strong>lio</strong></span> <span class='ocrx_word' id='word_1_23' title='bbox 200 804 333 892; x_wconf 83' lang='lat' dir='ltr'><strong>Parerg.</strong></span> <span class='ocrx_word' id='word_1_24' title='bbox 355 803 373 868; x_wconf 94' lang='grc' dir='ltr'>Ι</span> <span class='ocrx_word' id='word_1_25' title='bbox 395 807 455 868; x_wconf 86' lang='grc'><strong>524</strong></span> <span class='ocrx_word' id='word_1_26' title='bbox 477 801 628 869; x_wconf 78' lang='lat' dir='ltr'><strong>damnato</strong></span> <span class='ocrx_word' id='word_1_27' title='bbox 651 803 848 892; x_wconf 89' lang='lat' dir='ltr'><strong>addijudioo</strong></span> <span class='ocrx_word' id='word_1_28' title='bbox 865 827 938 871; x_wconf 90' lang='lat' dir='ltr'><strong>cum</strong></span> <span class='ocrx_word' id='word_1_29' title='bbox 952 803 1076 890; x_wconf 68' lang='lat' dir='ltr'><strong>Fleok„</strong></span> <span class='ocrx_word' id='word_1_30' title='bbox 1098 828 1234 893; x_wconf 84' lang='lat' dir='ltr'><strong>pravam</strong></span> 
     </span>
     <span class='ocr_line' id='line_1_5' title="bbox 134 911 1233 1000; baseline 0.004 -20"><span class='ocrx_word' id='word_1_31' title='bbox 134 923 326 980; x_wconf 72' lang='lat' dir='ltr'><strong>accentuum</strong></span> <span class='ocrx_word' id='word_1_32' title='bbox 354 911 596 978; x_wconf 81' lang='lat' dir='ltr'><strong>collocationem</strong></span> <span class='ocrx_word' id='word_1_33' title='bbox 626 912 768 978; x_wconf 87' lang='lat' dir='ltr'><strong>correxit</strong></span> <span class='ocrx_word' id='word_1_34' title='bbox 788 911 829 978; x_wconf 87' lang='lat' dir='ltr'><strong>R.</strong></span> <span class='ocrx_word' id='word_1_35' title='bbox 851 923 879 976; x_wconf 83' lang='lat' dir='ltr'><strong>te</strong></span> <span class='ocrx_word' id='word_1_36' title='bbox 899 913 945 977; x_wconf 81' lang='lat' dir='ltr'><strong>s&#39;tc</strong></span> <span class='ocrx_word' id='word_1_37' title='bbox 965 921 1177 1000; x_wconf 77' lang='lat' dir='ltr'><strong>transponens</strong></span> <span class='ocrx_word' id='word_1_38' title='bbox 1198 915 1233 984; x_wconf 86' lang='lat' dir='ltr'><strong>in</strong></span> 
     </span>
     <span class='ocr_line' id='line_1_6' title="bbox 134 1025 253 1086; baseline -0.017 0"><span class='ocrx_word' id='word_1_39' title='bbox 134 1025 177 1086; x_wconf 80' lang='lat' dir='ltr'><strong>iia</strong></span> <span class='ocrx_word' id='word_1_40' title='bbox 197 1034 253 1086; x_wconf 82' lang='lat' dir='ltr'><strong>tc:</strong></span> 
     </span>
     <span class='ocr_line' id='line_1_7' title="bbox 194 1141 1191 1234; baseline 0.002 -24"><span class='ocrx_word' id='word_1_41' title='bbox 194 1143 307 1210; x_wconf 80' lang='lat' dir='ltr'><strong>Nimio</strong></span> <span class='ocrx_word' id='word_1_42' title='bbox 329 1143 454 1227; x_wconf 83' lang='lat' dir='ltr'><strong>satiust,</strong></span> <span class='ocrx_word' id='word_1_43' title='bbox 477 1145 513 1208; x_wconf 79' lang='lat' dir='ltr'><strong>tt</strong></span> <span class='ocrx_word' id='word_1_44' title='bbox 534 1151 639 1231; x_wconf 83' lang='lat' dir='ltr'><strong>opust,</strong></span> <span class='ocrx_word' id='word_1_45' title='bbox 660 1141 707 1209; x_wconf 85' lang='lat' dir='ltr'><strong>ita</strong></span> <span class='ocrx_word' id='word_1_46' title='bbox 728 1145 778 1207; x_wconf 84' lang='lat' dir='ltr'><strong>ted</strong></span> <span class='ocrx_word' id='word_1_47' title='bbox 796 1144 886 1227; x_wconf 78' lang='lat' dir='ltr'><strong>esse,</strong></span> <span class='ocrx_word' id='word_1_48' title='bbox 909 1167 1006 1234; x_wconf 87' lang='lat' dir='ltr'><strong>quam</strong></span> <span class='ocrx_word' id='word_1_49' title='bbox 1027 1153 1064 1211; x_wconf 89' lang='lat' dir='ltr'><strong>ut</strong></span> <span class='ocrx_word' id='word_1_50' title='bbox 1085 1145 1191 1212; x_wconf 79' lang='lat' dir='ltr'><strong>animo</strong></span> 
     </span>
     <span class='ocr_line' id='line_1_8' title="bbox 974 1253 1093 1319; baseline -0.017 0"><span class='ocrx_word' id='word_1_51' title='bbox 974 1253 1093 1319; x_wconf 88' lang='lat' dir='ltr'><strong>lubet:</strong></span> 
     </span>
    </p>
   </div>
   <div class='ocr_carea' id='block_1_3' title="bbox 134 1372 1234 1677">
    <p class='ocr_par' dir='ltr' id='par_1_3' title="bbox 134 1372 1234 1677">
     <span class='ocr_line' id='line_1_9' title="bbox 135 1372 1234 1467; baseline 0.005 -27"><span class='ocrx_word' id='word_1_52' title='bbox 135 1375 192 1444; x_wconf 90' lang='lat' dir='ltr'><strong>sed</strong></span> <span class='ocrx_word' id='word_1_53' title='bbox 212 1375 383 1442; x_wconf 90' lang='lat' dir='ltr'><strong>lenissimis</strong></span> <span class='ocrx_word' id='word_1_54' title='bbox 404 1374 634 1442; x_wconf 82' lang='lat' dir='ltr'><strong>mutationibus</strong></span> <span class='ocrx_word' id='word_1_55' title='bbox 655 1372 806 1442; x_wconf 84' lang='lat' dir='ltr'><strong>adhibitis</strong></span> <span class='ocrx_word' id='word_1_56' title='bbox 822 1397 887 1440; x_wconf 90' lang='lat' dir='ltr'><strong>non</strong></span> <span class='ocrx_word' id='word_1_57' title='bbox 909 1399 974 1442; x_wconf 94' lang='lat' dir='ltr'><strong>uno</strong></span> <span class='ocrx_word' id='word_1_58' title='bbox 995 1379 1091 1445; x_wconf 92' lang='lat' dir='ltr'><strong>modo</strong></span> <span class='ocrx_word' id='word_1_59' title='bbox 1106 1379 1234 1467; x_wconf 81' lang='lat' dir='ltr'><strong>ingrata</strong></span> 
     </span>
     <span class='ocr_line' id='line_1_10' title="bbox 135 1482 1234 1573; baseline 0 -22"><span class='ocrx_word' id='word_1_60' title='bbox 135 1482 334 1573; x_wconf 83' lang='lat' dir='ltr'><strong>paragogica</strong></span> <span class='ocrx_word' id='word_1_61' title='bbox 352 1482 462 1548; x_wconf 88' lang='lat' dir='ltr'><strong>littera</strong></span> <span class='ocrx_word' id='word_1_62' title='bbox 481 1482 576 1547; x_wconf 89' lang='lat' dir='ltr'><strong>vitari</strong></span> <span class='ocrx_word' id='word_1_63' title='bbox 597 1491 737 1569; x_wconf 88' lang='lat' dir='ltr'><strong>poterat,</strong></span> <span class='ocrx_word' id='word_1_64' title='bbox 757 1483 803 1547; x_wconf 86' lang='lat' dir='ltr'><strong>ita</strong></span> <span class='ocrx_word' id='word_1_65' title='bbox 824 1492 860 1549; x_wconf 89' lang='lat' dir='ltr'><strong>ut</strong></span> <span class='ocrx_word' id='word_1_66' title='bbox 881 1483 975 1548; x_wconf 83' lang='lat' dir='ltr'><strong>simul</strong></span> <span class='ocrx_word' id='word_1_67' title='bbox 995 1486 1102 1551; x_wconf 85' lang='lat' dir='ltr'><strong>hiatus</strong></span> <span class='ocrx_word' id='word_1_68' title='bbox 1123 1485 1234 1552; x_wconf 86' lang='lat' dir='ltr'><strong>adver-</strong></span> 
     </span>
     <span class='ocr_line' id='line_1_11' title="bbox 134 1590 890 1677; baseline -0.003 -19"><span class='ocrx_word' id='word_1_69' title='bbox 134 1593 225 1658; x_wconf 87' lang='lat' dir='ltr'><strong>sariis</strong></span> <span class='ocrx_word' id='word_1_70' title='bbox 247 1590 427 1674; x_wconf 85' lang='lat' dir='ltr'><strong>satisfieret,</strong></span> <span class='ocrx_word' id='word_1_71' title='bbox 450 1591 539 1657; x_wconf 88' lang='lat' dir='ltr'><strong>velut</strong></span> <span class='ocrx_word' id='word_1_72' title='bbox 559 1603 592 1656; x_wconf 81' lang='lat' dir='ltr'><strong>ut</strong></span> <span class='ocrx_word' id='word_1_73' title='bbox 612 1614 689 1677; x_wconf 75' lang='lat' dir='ltr'><strong>opus</strong></span> <span class='ocrx_word' id='word_1_74' title='bbox 710 1603 765 1669; x_wconf 79' lang='lat' dir='ltr'><strong>eet,</strong></span> <span class='ocrx_word' id='word_1_75' title='bbox 787 1592 833 1657; x_wconf 78' lang='lat' dir='ltr'><strong>ita</strong></span> <span class='ocrx_word' id='word_1_76' title='bbox 853 1604 890 1656; x_wconf 82' lang='lat' dir='ltr'><strong>te.</strong></span> 
     </span>
    </p>
   </div>
   <div class='ocr_carea' id='block_1_4' title="bbox 30 1697 1232 1916">
    <p class='ocr_par' dir='ltr' id='par_1_4' title="bbox 30 1697 1232 1916">
     <span class='ocr_line' id='line_1_12' title="bbox 134 1697 322 1766; baseline -0.011 0"><span class='ocrx_word' id='word_1_77' title='bbox 134 1697 219 1766; x_wconf 86' lang='lat' dir='ltr'><strong>Rud.</strong></span> <span class='ocrx_word' id='word_1_78' title='bbox 244 1703 322 1765; x_wconf 79' lang='lat'>1152</span> 
     </span>
     <span class='ocr_line' id='line_1_13' title="bbox 30 1793 1232 1916; baseline -0.003 -22"><span class='ocrx_word' id='word_1_79' title='bbox 30 1815 44 1824; x_wconf 62' lang='grc'><strong>”</strong></span> <span class='ocrx_word' id='word_1_80' title='bbox 174 1825 236 1894; x_wconf 80' lang='lat' dir='ltr'><strong>st</strong></span> <span class='ocrx_word' id='word_1_81' title='bbox 257 1825 378 1892; x_wconf 91' lang='lat' dir='ltr'><strong>bonum</strong></span> <span class='ocrx_word' id='word_1_82' title='bbox 399 1844 472 1888; x_wconf 85' lang='lat' dir='ltr'><strong>oras</strong></span> <span class='ocrx_word' id='word_1_83' title='bbox 494 1846 525 1888; x_wconf 76' lang='lat' dir='ltr'><strong>:t</strong></span> <span class='ocrx_word' id='word_1_84' title='bbox 546 1793 674 1910; x_wconf 68' lang='lat' dir='ltr'><strong>lidepol</strong></span> <span class='ocrx_word' id='word_1_85' title='bbox 695 1822 760 1888; x_wconf 89' lang='lat' dir='ltr'><strong>hau</strong></span> <span class='ocrx_word' id='word_1_86' title='bbox 783 1835 810 1888; x_wconf 80' lang='lat' dir='ltr'><strong>te</strong></span> <span class='ocrx_word' id='word_1_87' title='bbox 830 1825 912 1907; x_wconf 76' lang='lat' dir='ltr'><strong>brat,</strong></span> <span class='ocrx_word' id='word_1_88' title='bbox 925 1847 1009 1916; x_wconf 80' lang='lat' dir='ltr'><strong>¹nam</strong></span> <span class='ocrx_word' id='word_1_89' title='bbox 1033 1834 1069 1891; x_wconf 88' lang='lat' dir='ltr'><strong>tu</strong></span> <span class='ocrx_word' id='word_1_90' title='bbox 1090 1826 1232 1915; x_wconf 80' lang='lat' dir='ltr'><strong>injuriu&#39;s</strong></span> 
     </span>
    </p>
   </div>
   <div class='ocr_carea' id='block_1_5' title="bbox 133 1937 1232 2446">
    <p class='ocr_par' dir='ltr' id='par_1_5' title="bbox 133 1937 1063 2031">
     <span class='ocr_line' id='line_1_14' title="bbox 133 1937 1063 2031; baseline -0.002 -15"><span class='ocrx_word' id='word_1_91' title='bbox 133 1949 240 2016; x_wconf 89' lang='lat' dir='ltr'><strong>nullus</strong></span> <span class='ocrx_word' id='word_1_92' title='bbox 261 1937 345 2018; x_wconf 85' lang='lat' dir='ltr'><strong>liber</strong></span> <span class='ocrx_word' id='word_1_93' title='bbox 365 1948 570 2015; x_wconf 84' lang='lat' dir='ltr'><strong>Fleckeiseni</strong></span> <span class='ocrx_word' id='word_1_94' title='bbox 591 1947 644 2014; x_wconf 82' lang='lat' dir='ltr'><strong>ted</strong></span> <span class='ocrx_word' id='word_1_95' title='bbox 665 1948 879 2015; x_wconf 86' lang='lat' dir='ltr'><strong>commendat.</strong></span> <span class='ocrx_word' id='word_1_96' title='bbox 1058 2017 1063 2031; x_wconf 70' lang='grc'><strong>,</strong></span> 
     </span>
    </p>

    <p class='ocr_par' dir='ltr' id='par_1_6' title="bbox 133 2053 1232 2446">
     <span class='ocr_line' id='line_1_15' title="bbox 216 2053 1230 2147; baseline 0.003 -24"><span class='ocrx_word' id='word_1_97' title='bbox 216 2055 282 2123; x_wconf 86' lang='lat' dir='ltr'><strong>Sed</strong></span> <span class='ocrx_word' id='word_1_98' title='bbox 302 2056 504 2123; x_wconf 87' lang='lat' dir='ltr'><strong>Menaechm.</strong></span> <span class='ocrx_word' id='word_1_99' title='bbox 529 2058 587 2122; x_wconf 90' lang='grc'><strong>147</strong></span> <span class='ocrx_word' id='word_1_100' title='bbox 608 2077 674 2122; x_wconf 92' lang='lat' dir='ltr'><strong>non</strong></span> <span class='ocrx_word' id='word_1_101' title='bbox 695 2053 829 2123; x_wconf 78' lang='lat' dir='ltr'><strong>caesura</strong></span> <span class='ocrx_word' id='word_1_102' title='bbox 850 2057 973 2124; x_wconf 84' lang='lat' dir='ltr'><strong>vicaria</strong></span> <span class='ocrx_word' id='word_1_103' title='bbox 992 2068 1066 2145; x_wconf 86' lang='lat' dir='ltr'><strong>post</strong></span> <span class='ocrx_word' id='word_1_104' title='bbox 1087 2057 1230 2147; x_wconf 87' lang='lat' dir='ltr'><strong>quintam</strong></span> 
     </span>
     <span class='ocr_line' id='line_1_16' title="bbox 134 2163 1232 2253; baseline 0.005 -25"><span class='ocrx_word' id='word_1_105' title='bbox 134 2165 238 2247; x_wconf 87' lang='lat' dir='ltr'><strong>arsin,</strong></span> <span class='ocrx_word' id='word_1_106' title='bbox 272 2164 362 2250; x_wconf 89' lang='lat' dir='ltr'><strong>cujus</strong></span> <span class='ocrx_word' id='word_1_107' title='bbox 394 2173 431 2228; x_wconf 89' lang='lat' dir='ltr'><strong>ut</strong></span> <span class='ocrx_word' id='word_1_108' title='bbox 461 2186 534 2228; x_wconf 91' lang='lat' dir='ltr'><strong>cum</strong></span> <span class='ocrx_word' id='word_1_109' title='bbox 564 2163 744 2229; x_wconf 88' lang='lat' dir='ltr'><strong>variatione</strong></span> <span class='ocrx_word' id='word_1_110' title='bbox 775 2164 901 2231; x_wconf 86' lang='lat' dir='ltr'><strong>numeri</strong></span> <span class='ocrx_word' id='word_1_111' title='bbox 929 2165 1121 2253; x_wconf 85' lang='lat' dir='ltr'><strong>conjunctae</strong></span> <span class='ocrx_word' id='word_1_112' title='bbox 1149 2168 1232 2234; x_wconf 88' lang='lat' dir='ltr'><strong>ratio</strong></span> 
     </span>
     <span class='ocr_line' id='line_1_17' title="bbox 133 2269 1231 2359; baseline 0.003 -23"><span class='ocrx_word' id='word_1_113' title='bbox 133 2271 232 2358; x_wconf 85' lang='lat' dir='ltr'><strong>longe</strong></span> <span class='ocrx_word' id='word_1_114' title='bbox 252 2269 315 2336; x_wconf 88' lang='lat' dir='ltr'><strong>alia</strong></span> <span class='ocrx_word' id='word_1_115' title='bbox 336 2279 386 2337; x_wconf 86' lang='lat' dir='ltr'><strong>est</strong></span> <span class='ocrx_word' id='word_1_116' title='bbox 407 2293 503 2358; x_wconf 84' lang='lat' dir='ltr'><strong>quam</strong></span> <span class='ocrx_word' id='word_1_117' title='bbox 523 2269 697 2357; x_wconf 84' lang='lat' dir='ltr'><strong>legitimae,</strong></span> <span class='ocrx_word' id='word_1_118' title='bbox 718 2270 776 2337; x_wconf 87' lang='lat' dir='ltr'><strong>sed</strong></span> <span class='ocrx_word' id='word_1_119' title='bbox 797 2293 955 2359; x_wconf 87' lang='lat' dir='ltr'><strong>personae</strong></span> <span class='ocrx_word' id='word_1_120' title='bbox 972 2275 1109 2340; x_wconf 87' lang='lat' dir='ltr'><strong>mutatio</strong></span> <span class='ocrx_word' id='word_1_121' title='bbox 1125 2273 1231 2340; x_wconf 87' lang='lat' dir='ltr'><strong>defen-</strong></span> 
     </span>
     <span class='ocr_line' id='line_1_18' title="bbox 134 2377 356 2446; baseline -0.009 -2"><span class='ocrx_word' id='word_1_122' title='bbox 134 2377 182 2445; x_wconf 87' lang='lat' dir='ltr'><strong>dit</strong></span> <span class='ocrx_word' id='word_1_123' title='bbox 202 2378 356 2446; x_wconf 84' lang='lat' dir='ltr'><strong>hiatum:</strong></span> 
     </span>
    </p>
   </div>
   <div class='ocr_carea' id='block_1_6' title="bbox 172 2501 1229 2591">
    <p class='ocr_par' dir='ltr' id='par_1_7' title="bbox 172 2501 1229 2591">
     <span class='ocr_line' id='line_1_19' title="bbox 172 2501 1229 2591; baseline 0.001 -21"><span class='ocrx_word' id='word_1_124' title='bbox 172 2503 237 2570; x_wconf 81' lang='lat' dir='ltr'><strong>Dte</strong></span> <span class='ocrx_word' id='word_1_125' title='bbox 254 2502 418 2569; x_wconf 91' lang='lat' dir='ltr'><strong>hominem</strong></span> <span class='ocrx_word' id='word_1_126' title='bbox 438 2501 671 2591; x_wconf 78' lang='lat' dir='ltr'><strong>lepidissimum</strong></span> <span class='ocrx_word' id='word_1_127' title='bbox 693 2524 765 2569; x_wconf 91' lang='lat' dir='ltr'><strong>esse</strong></span> <span class='ocrx_word' id='word_1_128' title='bbox 785 2504 834 2568; x_wconf 71' lang='lat' dir='ltr'><strong>md</strong></span> <span class='ocrx_word' id='word_1_129' title='bbox 846 2525 870 2569; x_wconf 71' lang='grc' dir='ltr'><strong>τε</strong></span> <span class='ocrx_word' id='word_1_130' title='bbox 892 2503 959 2572; x_wconf 90' lang='lat' dir='ltr'><strong>Ubi</strong></span> <span class='ocrx_word' id='word_1_131' title='bbox 974 2509 1078 2571; x_wconf 79' lang='lat' dir='ltr'><strong>essuri</strong></span> <span class='ocrx_word' id='word_1_132' title='bbox 1094 2505 1229 2574; x_wconf 78' lang='lat' dir='ltr'><strong>sumus?</strong></span> 
     </span>
    </p>
   </div>
   <div class='ocr_carea' id='block_1_7' title="bbox 132 2627 1230 2826">
    <p class='ocr_par' dir='ltr' id='par_1_8' title="bbox 132 2627 1230 2826">
     <span class='ocr_line' id='line_1_20' title="bbox 132 2627 1230 2720; baseline 0.003 -25"><span class='ocrx_word' id='word_1_133' title='bbox 132 2653 228 2720; x_wconf 91' lang='lat' dir='ltr'><strong>quem</strong></span> <span class='ocrx_word' id='word_1_134' title='bbox 254 2651 332 2694; x_wconf 87' lang='lat' dir='ltr'><strong>sane</strong></span> <span class='ocrx_word' id='word_1_135' title='bbox 359 2651 424 2694; x_wconf 92' lang='lat' dir='ltr'><strong>non</strong></span> <span class='ocrx_word' id='word_1_136' title='bbox 453 2637 523 2694; x_wconf 86' lang='lat' dir='ltr'><strong>eret</strong></span> <span class='ocrx_word' id='word_1_137' title='bbox 548 2650 607 2693; x_wconf 87' lang='lat' dir='ltr'><strong>cur</strong></span> <span class='ocrx_word' id='word_1_138' title='bbox 627 2628 668 2693; x_wconf 88' lang='lat' dir='ltr'><strong>R.</strong></span> <span class='ocrx_word' id='word_1_139' title='bbox 690 2627 797 2694; x_wconf 90' lang='lat' dir='ltr'><strong>minus</strong></span> <span class='ocrx_word' id='word_1_140' title='bbox 823 2629 998 2696; x_wconf 86' lang='lat' dir='ltr'><strong>clementer</strong></span> <span class='ocrx_word' id='word_1_141' title='bbox 1023 2631 1109 2699; x_wconf 83' lang='lat' dir='ltr'><strong>ferre</strong></span> <span class='ocrx_word' id='word_1_142' title='bbox 1133 2632 1230 2698; x_wconf 90' lang='lat' dir='ltr'><strong>vellet</strong></span> 
     </span>
     <span class='ocr_line' id='line_1_21' title="bbox 132 2733 869 2826; baseline -0.005 -22"><span class='ocrx_word' id='word_1_143' title='bbox 132 2736 247 2826; x_wconf 85' lang='lat' dir='ltr'><strong>(praef.</strong></span> <span class='ocrx_word' id='word_1_144' title='bbox 271 2759 302 2824; x_wconf 91' lang='lat' dir='ltr'><strong>p.</strong></span> <span class='ocrx_word' id='word_1_145' title='bbox 323 2733 402 2822; x_wconf 87' lang='lat' dir='ltr'>XI),</span> <span class='ocrx_word' id='word_1_146' title='bbox 424 2759 520 2824; x_wconf 89' lang='lat' dir='ltr'><strong>quam</strong></span> <span class='ocrx_word' id='word_1_147' title='bbox 543 2736 704 2804; x_wconf 89' lang='lat' dir='ltr'><strong>elumbem</strong></span> <span class='ocrx_word' id='word_1_148' title='bbox 724 2759 757 2802; x_wconf 85' lang='lat' dir='ltr'><strong>v.</strong></span> <span class='ocrx_word' id='word_1_149' title='bbox 780 2741 840 2804; x_wconf 87' lang='grc'><strong>299</strong></span> <span class='ocrx_word' id='word_1_150' title='bbox 861 2760 869 2800; x_wconf 88' lang='lat'>:</span> 
     </span>
    </p>
   </div>
   <div class='ocr_carea' id='block_1_8' title="bbox 193 2860 1040 2950">
    <p class='ocr_par' dir='ltr' id='par_1_9' title="bbox 193 2860 1040 2950">
     <span class='ocr_line' id='line_1_22' title="bbox 193 2860 1040 2950; baseline -0.001 -22"><span class='ocrx_word' id='word_1_151' title='bbox 193 2861 252 2928; x_wconf 85' lang='lat' dir='ltr'><strong>Set</strong></span> <span class='ocrx_word' id='word_1_152' title='bbox 272 2860 328 2927; x_wconf 81' lang='lat' dir='ltr'><strong>obi</strong></span> <span class='ocrx_word' id='word_1_153' title='bbox 349 2860 469 2926; x_wconf 90' lang='lat' dir='ltr'><strong>novisti</strong></span> <span class='ocrx_word' id='word_1_154' title='bbox 490 2860 562 2926; x_wconf 70' lang='lat' dir='ltr'><strong>me?</strong></span> <span class='ocrx_word' id='word_1_155' title='bbox 584 2883 614 2925; x_wconf 76' lang='lat' dir='ltr'><strong>z:</strong></span> <span class='ocrx_word' id='word_1_156' title='bbox 635 2860 704 2930; x_wconf 90' lang='lat' dir='ltr'><strong>Ubi</strong></span> <span class='ocrx_word' id='word_1_157' title='bbox 725 2883 789 2950; x_wconf 83' lang='lat' dir='ltr'><strong>ego</strong></span> <span class='ocrx_word' id='word_1_158' title='bbox 810 2872 843 2927; x_wconf 88' lang='lat' dir='ltr'><strong>te</strong></span> <span class='ocrx_word' id='word_1_159' title='bbox 864 2862 1040 2930; x_wconf 75' lang='lat' dir='ltr'><strong>noverim?</strong></span> 
     </span>
    </p>
   </div>
   <div class='ocr_carea' id='block_1_9' title="bbox 129 2983 1230 3290">
    <p class='ocr_par' dir='ltr' id='par_1_10' title="bbox 129 2983 1230 3290">
     <span class='ocr_line' id='line_1_23' title="bbox 132 2983 1230 3075; baseline 0.002 -22"><span class='ocrx_word' id='word_1_160' title='bbox 132 2983 210 3054; x_wconf 84' lang='lat' dir='ltr'><strong>Sine</strong></span> <span class='ocrx_word' id='word_1_161' title='bbox 230 2985 295 3052; x_wconf 91' lang='lat' dir='ltr'><strong>ullo</strong></span> <span class='ocrx_word' id='word_1_162' title='bbox 317 2985 499 3073; x_wconf 85' lang='lat' dir='ltr'><strong>elegantiae</strong></span> <span class='ocrx_word' id='word_1_163' title='bbox 520 2984 713 3051; x_wconf 87' lang='lat' dir='ltr'><strong>detrimento</strong></span> <span class='ocrx_word' id='word_1_164' title='bbox 734 2989 811 3070; x_wconf 82' lang='lat' dir='ltr'><strong>med,</strong></span> <span class='ocrx_word' id='word_1_165' title='bbox 833 2985 920 3075; x_wconf 91' lang='lat' dir='ltr'><strong>quod</strong></span> <span class='ocrx_word' id='word_1_166' title='bbox 938 2987 1017 3053; x_wconf 90' lang='lat' dir='ltr'><strong>Pall</strong></span> <span class='ocrx_word' id='word_1_167' title='bbox 1038 3009 1095 3054; x_wconf 86' lang='lat' dir='ltr'><strong>sex</strong></span> <span class='ocrx_word' id='word_1_168' title='bbox 1118 2997 1230 3055; x_wconf 87' lang='lat' dir='ltr'><strong>contra</strong></span> 
     </span>
     <span class='ocr_line' id='line_1_24' title="bbox 129 3092 1230 3183; baseline 0.004 -23"><span class='ocrx_word' id='word_1_169' title='bbox 129 3094 171 3162; x_wconf 88' lang='lat' dir='ltr'><strong>V.</strong></span> <span class='ocrx_word' id='word_1_170' title='bbox 188 3093 225 3160; x_wconf 85' lang='lat' dir='ltr'><strong>C.</strong></span> <span class='ocrx_word' id='word_1_171' title='bbox 260 3092 351 3159; x_wconf 86' lang='lat' dir='ltr'><strong>Asin.</strong></span> <span class='ocrx_word' id='word_1_172' title='bbox 372 3098 432 3158; x_wconf 91' lang='lat'><strong>633</strong></span> <span class='ocrx_word' id='word_1_173' title='bbox 453 3092 618 3181; x_wconf 86' lang='lat' dir='ltr'><strong>praebent,</strong></span> <span class='ocrx_word' id='word_1_174' title='bbox 638 3093 801 3161; x_wconf 86' lang='lat' dir='ltr'><strong>lenissima</strong></span> <span class='ocrx_word' id='word_1_175' title='bbox 822 3095 1072 3183; x_wconf 86' lang='lat' dir='ltr'><strong>transpositione</strong></span> <span class='ocrx_word' id='word_1_176' title='bbox 1092 3096 1230 3164; x_wconf 88' lang='lat' dir='ltr'><strong>removit</strong></span> 
     </span>
     <span class='ocr_line' id='line_1_25' title="bbox 131 3200 693 3290; baseline -0.002 -24"><span class='ocrx_word' id='word_1_177' title='bbox 131 3201 242 3268; x_wconf 84' lang='lat' dir='ltr'><strong>Fleck.</strong></span> <span class='ocrx_word' id='word_1_178' title='bbox 263 3200 298 3267; x_wconf 91' lang='lat' dir='ltr'><strong>in</strong></span> <span class='ocrx_word' id='word_1_179' title='bbox 314 3200 458 3290; x_wconf 91' lang='lat' dir='ltr'><strong>jambico</strong></span> <span class='ocrx_word' id='word_1_180' title='bbox 480 3201 663 3290; x_wconf 87' lang='lat' dir='ltr'><strong>septenario</strong></span> <span class='ocrx_word' id='word_1_181' title='bbox 685 3224 693 3265; x_wconf 90' lang='lat'><strong>:</strong></span> 
     </span>
    </p>
   </div>
   <div class='ocr_carea' id='block_1_10' title="bbox 193 3327 1174 3418">
    <p class='ocr_par' dir='ltr' id='par_1_11' title="bbox 193 3327 1174 3418">
     <span class='ocr_line' id='line_1_26' title="bbox 193 3327 1174 3418; baseline 0.001 -22"><span class='ocrx_word' id='word_1_182' title='bbox 193 3329 332 3416; x_wconf 76' lang='lat' dir='ltr'><strong>Argenti</strong></span> <span class='ocrx_word' id='word_1_183' title='bbox 354 3327 470 3416; x_wconf 80' lang='lat' dir='ltr'><strong>viginti</strong></span> <span class='ocrx_word' id='word_1_184' title='bbox 491 3328 598 3394; x_wconf 86' lang='lat' dir='ltr'><strong>minae</strong></span> <span class='ocrx_word' id='word_1_185' title='bbox 619 3364 662 3376; x_wconf 90' lang='grc'>-</span> <span class='ocrx_word' id='word_1_186' title='bbox 682 3328 724 3395; x_wconf 87' lang='lat' dir='ltr'><strong>ad</strong></span> <span class='ocrx_word' id='word_1_187' title='bbox 745 3333 883 3397; x_wconf 80' lang='lat' dir='ltr'><strong>mortem</strong></span> <span class='ocrx_word' id='word_1_188' title='bbox 903 3354 952 3397; x_wconf 82' lang='lat' dir='ltr'><strong>mc</strong></span> <span class='ocrx_word' id='word_1_189' title='bbox 973 3329 1174 3418; x_wconf 79' lang='lat' dir='ltr'><strong>adpulerunt</strong></span> 
     </span>
    </p>
   </div>
   <div class='ocr_carea' id='block_1_11' title="bbox 130 3452 1229 3649">
    <p class='ocr_par' dir='ltr' id='par_1_12' title="bbox 130 3452 1229 3649">
     <span class='ocr_line' id='line_1_27' title="bbox 130 3452 1229 3543; baseline 0.002 -23"><span class='ocrx_word' id='word_1_190' title='bbox 130 3455 254 3521; x_wconf 77' lang='lat' dir='ltr'><strong>Eodem</strong></span> <span class='ocrx_word' id='word_1_191' title='bbox 283 3453 424 3543; x_wconf 91' lang='lat' dir='ltr'><strong>denique</strong></span> <span class='ocrx_word' id='word_1_192' title='bbox 447 3453 538 3520; x_wconf 89' lang='lat' dir='ltr'><strong>hiatu</strong></span> <span class='ocrx_word' id='word_1_193' title='bbox 559 3455 593 3518; x_wconf 90' lang='lat' dir='ltr'><strong>in</strong></span> <span class='ocrx_word' id='word_1_194' title='bbox 614 3453 678 3519; x_wconf 86' lang='lat' dir='ltr'><strong>alia</strong></span> <span class='ocrx_word' id='word_1_195' title='bbox 699 3475 780 3522; x_wconf 87' lang='lat' dir='ltr'><strong>vooe</strong></span> <span class='ocrx_word' id='word_1_196' title='bbox 801 3452 941 3522; x_wconf 86' lang='lat' dir='ltr'><strong>admisso</strong></span> <span class='ocrx_word' id='word_1_197' title='bbox 962 3455 1031 3521; x_wconf 90' lang='lat' dir='ltr'><strong>Mil.</strong></span> <span class='ocrx_word' id='word_1_198' title='bbox 1053 3479 1082 3521; x_wconf 87' lang='lat' dir='ltr'><strong>v.</strong></span> <span class='ocrx_word' id='word_1_199' title='bbox 1109 3458 1187 3521; x_wconf 88' lang='grc'><strong>1273</strong></span> <span class='ocrx_word' id='word_1_200' title='bbox 1208 3479 1229 3522; x_wconf 90' lang='lat' dir='ltr'><strong>a</strong></span> 
     </span>
     <span class='ocr_line' id='line_1_28' title="bbox 131 3559 1081 3649; baseline -0.001 -23"><span class='ocrx_word' id='word_1_201' title='bbox 131 3565 180 3626; x_wconf 84' lang='lat' dir='ltr'><strong>ted</strong></span> <span class='ocrx_word' id='word_1_202' title='bbox 198 3561 301 3628; x_wconf 85' lang='lat' dir='ltr'><strong>forma</strong></span> <span class='ocrx_word' id='word_1_203' title='bbox 320 3561 409 3626; x_wconf 89' lang='lat' dir='ltr'><strong>illata</strong></span> <span class='ocrx_word' id='word_1_204' title='bbox 430 3583 450 3624; x_wconf 85' lang='lat' dir='ltr'><strong>a</strong></span> <span class='ocrx_word' id='word_1_205' title='bbox 470 3559 590 3626; x_wconf 90' lang='lat' dir='ltr'><strong>Bothio</strong></span> <span class='ocrx_word' id='word_1_206' title='bbox 611 3561 837 3647; x_wconf 83' lang='lat' dir='ltr'><strong>liberabimus3</strong></span> <span class='ocrx_word' id='word_1_207' title='bbox 859 3563 901 3628; x_wconf 91' lang='lat' dir='ltr'><strong>R.</strong></span> <span class='ocrx_word' id='word_1_208' title='bbox 924 3562 1081 3649; x_wconf 86' lang='lat' dir='ltr'><strong>scripsit:</strong></span> 
     </span>
    </p>
   </div>
   <div class='ocr_carea' id='block_1_12' title="bbox 130 3684 1231 4403">
    <p class='ocr_par' dir='ltr' id='par_1_13' title="bbox 130 3684 1231 4403">
     <span class='ocr_line' id='line_1_29' title="bbox 172 3684 1228 3776; baseline 0.001 -24"><span class='ocrx_word' id='word_1_209' title='bbox 172 3684 353 3774; x_wconf 73' lang='lat' dir='ltr'><strong>Postquam</strong></span> <span class='ocrx_word' id='word_1_210' title='bbox 373 3687 423 3750; x_wconf 81' lang='lat' dir='ltr'><strong>ted</strong></span> <span class='ocrx_word' id='word_1_211' title='bbox 432 3689 570 3774; x_wconf 71' lang='lat' dir='ltr'><strong>aspexit</strong></span> <span class='ocrx_word' id='word_1_212' title='bbox 591 3711 619 3753; x_wconf 79' lang='lat'><strong>:2</strong></span> <span class='ocrx_word' id='word_1_213' title='bbox 640 3686 713 3752; x_wconf 87' lang='lat' dir='ltr'><strong>Viri</strong></span> <span class='ocrx_word' id='word_1_214' title='bbox 735 3709 864 3776; x_wconf 87' lang='lat' dir='ltr'><strong>quoque</strong></span> <span class='ocrx_word' id='word_1_215' title='bbox 886 3687 1005 3754; x_wconf 72' lang='lat' dir='ltr'><strong>armati</strong></span> <span class='ocrx_word' id='word_1_216' title='bbox 1031 3685 1117 3752; x_wconf 90' lang='lat' dir='ltr'><strong>idem</strong></span> <span class='ocrx_word' id='word_1_217' title='bbox 1146 3687 1228 3754; x_wconf 91' lang='lat' dir='ltr'><strong>istuc</strong></span> 
     </span>
     <span class='ocr_line' id='line_1_30' title="bbox 994 3793 1126 3860; baseline 0.008 -1"><span class='ocrx_word' id='word_1_218' title='bbox 994 3793 1126 3860; x_wconf 71' lang='lat' dir='ltr'><strong>faciunt.</strong></span> 
     </span>
     <span class='ocr_line' id='line_1_31' title="bbox 212 3899 1231 3990; baseline 0.002 -24"><span class='ocrx_word' id='word_1_219' title='bbox 212 3899 318 3967; x_wconf 88' lang='lat' dir='ltr'><strong>Nobis</strong></span> <span class='ocrx_word' id='word_1_220' title='bbox 348 3899 458 3966; x_wconf 88' lang='lat' dir='ltr'><strong>licebit</strong></span> <span class='ocrx_word' id='word_1_221' title='bbox 487 3901 643 3985; x_wconf 88' lang='lat' dir='ltr'><strong>alteram,</strong></span> <span class='ocrx_word' id='word_1_222' title='bbox 675 3923 773 3989; x_wconf 89' lang='lat' dir='ltr'><strong>qnam</strong></span> <span class='ocrx_word' id='word_1_223' title='bbox 804 3910 841 3967; x_wconf 90' lang='lat' dir='ltr'><strong>ut</strong></span> <span class='ocrx_word' id='word_1_224' title='bbox 872 3900 1034 3966; x_wconf 67' lang='lat' dir='ltr'><strong>dudonem</strong></span> <span class='ocrx_word' id='word_1_225' title='bbox 1061 3901 1231 3990; x_wconf 88' lang='lat' dir='ltr'><strong>proposuit</strong></span> 
     </span>
     <span class='ocr_line' id='line_1_32' title="bbox 130 4007 528 4095; baseline -0.003 -21"><span class='ocrx_word' id='word_1_226' title='bbox 130 4029 324 4091; x_wconf 88' lang='lat' dir='ltr'><strong>mensnram,</strong></span> <span class='ocrx_word' id='word_1_227' title='bbox 348 4007 528 4095; x_wconf 86' lang='lat' dir='ltr'><strong>amplecti:</strong></span> 
     </span>
     <span class='ocr_line' id='line_1_33' title="bbox 191 4131 1169 4222; baseline 0.002 -26"><span class='ocrx_word' id='word_1_228' title='bbox 191 4131 371 4220; x_wconf 70' lang='lat' dir='ltr'><strong>Postquam</strong></span> <span class='ocrx_word' id='word_1_229' title='bbox 391 4143 419 4197; x_wconf 83' lang='lat' dir='ltr'><strong>tc</strong></span> <span class='ocrx_word' id='word_1_230' title='bbox 440 4131 568 4220; x_wconf 82' lang='lat' dir='ltr'><strong>aspexit</strong></span> <span class='ocrx_word' id='word_1_231' title='bbox 587 4153 617 4197; x_wconf 79' lang='lat'><strong>:2</strong></span> <span class='ocrx_word' id='word_1_232' title='bbox 639 4131 712 4199; x_wconf 84' lang='lat' dir='ltr'><strong>viri</strong></span> <span class='ocrx_word' id='word_1_233' title='bbox 733 4153 866 4222; x_wconf 87' lang='lat' dir='ltr'><strong>quoque</strong></span> <span class='ocrx_word' id='word_1_234' title='bbox 886 4171 926 4184; x_wconf 93' lang='lat'>-</span> <span class='ocrx_word' id='word_1_235' title='bbox 948 4134 1062 4200; x_wconf 74' lang='lat' dir='ltr'><strong>armati</strong></span> <span class='ocrx_word' id='word_1_236' title='bbox 1084 4133 1169 4200; x_wconf 90' lang='lat' dir='ltr'><strong>idem</strong></span> 
     </span>
     <span class='ocr_line' id='line_1_34' title="bbox 887 4241 1122 4310; baseline 0 -4"><span class='ocrx_word' id='word_1_237' title='bbox 887 4241 971 4310; x_wconf 86' lang='lat' dir='ltr'><strong>istuc</strong></span> <span class='ocrx_word' id='word_1_238' title='bbox 991 4241 1122 4308; x_wconf 73' lang='lat' dir='ltr'><strong>faciunt.</strong></span> 
     </span>
     <span class='ocr_line' id='line_1_35' title="bbox 976 4341 1026 4403; baseline 0 -23"><span class='ocrx_word' id='word_1_239' title='bbox 976 4341 1026 4403; x_wconf 65' lang='lat'><strong>2*</strong></span> 
     </span>
    </p>
   </div>
   <div class='ocr_carea' id='block_1_13' title="bbox 0 0 1478 4870">
    <p class='ocr_par' dir='ltr' id='par_1_14' title="bbox 0 0 1478 4870">
     <span class='ocr_line' id='line_1_36' title="bbox 0 0 1478 4870; baseline 0 0"><span class='ocrx_word' id='word_1_240' title='bbox 0 0 1478 4870; x_wconf 95' lang='lat' dir='ltr'><strong> </strong></span> 
     </span>
    </p>
   </div>
  </div>
 </body>
</html>
