2946 4870
1178 305 1279 418 rsv

129 537 308 624 attulimus,
337 547 375 606 ut
399 538 474 606 inde
502 537 639 627 profecti
665 535 736 602 aliis
758 533 911 623 exemplis
939 533 1091 601 Plautum
1120 531 1220 600 ditan-

128 647 205 712 dum
221 669 419 715 censeamus.
463 645 560 726 Quod
582 655 689 712 autom
707 643 820 716 Fleck.
840 641 936 709 Cure.
958 643 979 708 l.
994 665 1022 708 c.
1037 652 1221 730 porrectam

13 785 14 796 ¹
127 754 327 844 pronominis
358 755 495 821 formam
523 754 663 842 recepit,
697 774 763 818 non
794 750 900 838 magis
927 749 1072 817 violenta
1096 752 1221 818 medela

126 861 235 927 versui
256 883 441 928 succurrere
462 861 538 928 licet
558 858 796 949 praepositione
817 858 954 926 addita:

169 970 259 1036 Dum
278 983 306 1036 te
326 969 489 1037 abstineas
512 993 534 1034 a
554 972 664 1057 nupta,
685 992 704 1033 α
725 967 831 1052 vidua,
853 991 875 1033 a
895 968 1033 1054 virgine.

127 1077 215 1145 Nam
246 1077 287 1144 ab
325 1078 387 1143 hoo
415 1099 546 1166 quoque
581 1077 758 1165 composito
789 1074 1005 1164 pendentibus
1039 1073 1222 1141 nominibus

127 1184 264 1252 Plautus
285 1183 541 1273 praepositiones
560 1183 657 1250 modo
669 1182 799 1267 addidit,
821 1183 916 1248 modo
938 1204 1003 1249 non
1023 1182 1173 1267 addidit(
1197 1184 1221 1267 l.

213 1317 260 1376 14„
302 1311 354 1376 De
375 1323 475 1397 mepte
493 1320 526 1377 et
542 1322 625 1396 lepte,
648 1309 688 1376 ad
710 1331 790 1398 quas
811 1309 932 1376 formas
950 1310 1019 1396 jam
1040 1309 1222 1393 transimus,

129 1419 241 1484 n'esoio
263 1439 305 1484 an
325 1418 411 1484 idem
433 1418 605 1485 dicendum
626 1418 685 1501 sit,
720 1416 807 1504 quod
832 1416 871 1483 R„
893 1417 1022 1504 Prolcg.
1045 1439 1077 1504 p.
1101 1423 1160 1483 143
1182 1418 1222 1483 do

127 1548 255 1592 noenum
287 1535 319 1592 et
347 1527 496 1612 sirempse
519 1524 661 1611 judicat,
694 1523 721 1589 si
751 1524 895 1590 solitaria
923 1524 1083 1613 quaedam
1112 1534 1223 1591 extent

127 1633 385 1700 testimoniorum
405 1633 503 1701 tidem
523 1633 692 1718 habentia,
721 1631 960 1699 subsistendum
990 1633 1024 1699 in
1045 1631 1094 1698 his
1115 1655 1222 1722 neque

68 1731 76 1748 ‘
128 1740 172 1806 eis
194 1740 392 1807 abutendum
414 1763 485 1807 esse
505 1739 663 1807 licentius.
706 1741 794 1807 Nam
815 1741 842 1805 si
864 1763 906 1806 ex
927 1742 1083 1830 scriptore
1105 1740 1222 1807 Plauto

126 1848 275 1936 aequali,
306 1847 352 1915 Μ.
376 1847 515 1932 Catone,
548 1861 635 1934 cepte
657 1857 689 1913 et
709 1849 833 1934 mstipte
853 1846 942 1915 Fest.
965 1858 1093 1915 enotata
1113 1849 1222 1933 habet,

127 1957 159 2022 id
181 1978 220 2022 eo
241 1955 344 2044 magis
366 1964 498 2044 propter
519 1956 716 2042 singularem
740 1979 849 2022 earum
877 1957 1052 2022 formarum
1074 1967 1222 2022 naturam

127 2065 247 2131 factum
279 2085 350 2130 esse
378 2063 455 2128 mihi
483 2064 679 2150 persuadeo,
712 2062 799 2151 quod
820 2063 974 2130 Priscian.
1006 2064 1078 2130 XII
1100 2071 1148 2129 24.
1171 2070 1221 2147 30,

126 2171 219 2238 nimis
240 2172 295 2238 ille
316 2169 447 2258 quidem
468 2172 565 2236 arctis
585 2171 702 2237 finibus
729 2193 824 2237 usum
851 2172 1049 2259 astringens,
1079 2171 1220 2238 ablativo

126 2289 253 2346 tantum
274 2279 528 2367 possessivorum
549 2280 800 2366 porrectionem,
833 2301 916 2368 quae
937 2303 996 2366 per
1014 2293 1063 2364 pte
1083 2280 1129 2363 fit,
1151 2303 1221 2369 pcr-

126 2387 233 2454 mittit.
282 2387 400 2475 Itaque
427 2385 628 2452 Menaechm.
666 2390 743 2451 1058
777 2385 907 2474 quidem
940 2391 1033 2454 nenio
1061 2388 1222 2457 dubitabit

126 2517 168 2560 ex
190 2495 219 2561 B
241 2503 274 2561 et
293 2494 490 2582 reliquorum
512 2495 658 2583 vestigiis
680 2494 820 2560 scribere

674 2600 764 2683 Quin
784 2603 1029 2670 certissimumst

167 2710 271 2797 Me‘pte
291 2709 398 2798 potius
429 2710 502 2776 fieri
524 2731 651 2776 servom
662 2760 672 2795 ,
706 2714 803 2799 quam
832 2719 864 2777 te
893 2733 1045 2800 umquam
1075 2711 1220 2778 emittam

824 2841 933 2885 manu.

127 2923 194 2992 Sed
217 2923 305 3014 quod
327 2925 445 2991 Vossio
473 2926 513 2992 de
538 2926 620 2991 anal.
642 2926 693 2992 IV
715 2931 734 2991 9
762 2935 914 2992 narrante
943 2924 1106 2992 Meursius
1126 2923 1219 2993 Asin.

125 3033 180 3099 HI
203 3039 222 3098 3
245 3032 389 3117 (versum
416 3057 481 3099 non
507 3033 645 3118 indicat;
678 3042 752 3100 sunt
780 3042 887 3100 sutem
909 3034 1106 3123 complures,
1140 3056 1220 3122 quos

124 3151 260 3229 tangere
282 3141 407 3229 posset)
428 3141 516 3208 idem
537 3141 687 3226 restituit,
709 3141 743 3209 in
764 3164 803 3208 eo
821 3143 1048 3210 assentientem
1063 3141 1220 3209 editorum

62 3247 66 3254 ’
125 3251 248 3318 nullum
270 3248 403 3316 invenit.
446 3251 491 3316 Et
518 3250 606 3317 Men.
628 3255 689 3317 942
712 3251 783 3339 jam
811 3274 908 3341 supra
936 3253 982 3341 (p.
1009 3253 1060 3337 18)
1089 3261 1221 3340 propter

126 3359 196 3446 ejus
217 3358 349 3426 fabulae
379 3360 544 3448 propriam
573 3359 735 3426 licentiam
767 3373 794 3424 te
824 3361 858 3426 in
886 3361 951 3428 fine
976 3360 1092 3448 prioris
1122 3357 1220 3424 hemi-

126 3467 232 3532 stichii
259 3467 444 3534 admisimus
471 3489 578 3554 neque
606 3467 639 3532 in
661 3466 722 3534 OD
743 3469 900 3534 memoria
920 3469 993 3557 plus
1013 3467 1219 3552 agnoscimus

129 3709 426 3720 -ι--ι-ι--η--η

192 3880 231 3948 (1)
249 3879 342 3932 Obiter
359 3895 510 3945 monemus,
537 3895 597 3932 cnm
616 3881 746 3934 infinitivo
764 3881 888 3934 atatam
902 3881 1025 3945 junctum
1041 3895 1095 3932 non
1113 3897 1144 3934 oo
1162 3888 1219 3934 tan·

125 3974 179 4017 tum
206 3967 342 4033 exemplo,
377 3968 448 4032 qnod
477 3967 586 4018 eandem
620 3968 843 4020 constructionem
871 3967 1052 4020 emendatione
1078 3970 1219 4022 restituens

124 4054 179 4104 Mil.
201 4056 249 4104 186
267 4054 342 4104 allert
358 4054 397 4118 R,
416 4053 493 4105 curo.
511 4056 568 4117 177,
585 4053 691 4116 firmari,
709 4055 755 4105 sed
774 4055 852 4104 etiam
870 4055 1011 4119 11111309,
1030 4061 1059 4106 ut
1075 4055 1148 4122 lepos
1165 4056 1218 4107 looi

123 4139 298 4206 percipiatur,
326 4138 522 4206 agnoscendum
545 4153 602 4190 esse
627 4157 633 4188 ε
664 4139 761 4200 ,Μανία
787 4157 868 4192 causo
890 4141 974 4193 barole
995 4143 1058 4194 irtio
1084 4160 1127 4211 epa
1144 4141 1217 4194 ocula

123 4229 178 4278 ster
195 4227 287 4292 asinar,
304 4225 369 4278 llam
386 4227 409 4278 ri
425 4225 600 4279 eluamus
618 4243 637 4276 o
653 4229 747 4293 moire,
764 4245 792 4280 eo
810 4237 931 4298 tanquam
946 4227 992 4283 boc
1008 4233 1112 4282 eamr
1178 4271 1180 4278 .
