2946 4870
236 377 254 434 2

232 550 318 616 Nam
344 573 417 616 cum
445 550 692 618 constructionis
720 573 835 618 musae
864 552 905 618 ad
926 552 1051 639 logices
1072 561 1245 639 praccepta
1264 551 1333 618 exi·

232 658 358 746 gendae
388 658 467 742 sint,
496 659 727 727 vocabulorum
756 669 863 726 autem
893 659 1034 747 origines
1063 658 1097 724 in
1128 659 1333 748 antiquitatis

231 765 464 833 remotissimae
485 769 635 834 tenebras
651 766 838 833 recedentes
853 789 895 834 ex
909 767 1005 832 certis
1020 767 1196 855 principiis,
1218 767 1332 854 paucis

234 873 388 961 exceptis,
418 873 534 940 deduci
558 874 687 940 omnino
709 885 873 962 nequeant
893 897 901 940 ε
921 874 1064 940 medium
1085 873 1246 963 quendam
1267 875 1332 940 sibi

234 979 376 1047 vindicat
403 980 510 1046 locum
538 981 652 1066 flexio;
684 983 736 1048 cui
758 1003 830 1048 cum
851 982 885 1049 id
907 1003 1076 1048 commune
1097 981 1139 1047 sit
1160 1003 1232 1047 cum
1254 1003 1331 1046 con-

232 1088 425 1170 structione,
453 1099 491 1153 ut
518 1097 621 1155 certas
647 1089 879 1156 vocabulorum
908 1088 1080 1156 relationes
1101 1089 1198 1154 certis
1217 1089 1331 1154 formis

231 1193 368 1278 indicet,
396 1204 505 1260 tamen
524 1215 629 1284 aeque
650 1206 748 1285 atquc
769 1198 934 1264 nominum
957 1207 990 1264 ct
1010 1197 1183 1272 verborum
1203 1195 1330 1261 radices

233 1301 409 1391 antiquitus
425 1303 457 1368 in
476 1312 543 1368 tam
564 1305 647 1369 fixas
668 1304 788 1370 formas
808 1304 939 1370 redacte
961 1315 1020 1389 est,
1041 1327 1136 1370 nemo
1157 1314 1194 1369 ut
1214 1304 1248 1368 in
1266 1303 1329 1368 fre-

233 1409 441 1498 quentissimo
469 1431 531 1476 usu
562 1421 669 1496 curet,
700 1433 757 1477 cur
787 1411 845 1478 has
876 1412 1078 1500 potissimum
1109 1433 1215 1500 neque
1247 1412 1328 1478 alias

229 1538 309 1604 prae
330 1539 364 1582 se
386 1518 478 1584 ferat
525 1519 637 1608 Atque
666 1541 863 1607 quamquam
891 1541 934 1585 ex
962 1518 1147 1608 linguarum
1174 1529 1328 1606 cognata·

228 1648 300 1691 rum
323 1625 563 1713 comparatione
590 1647 747 1714 generum
775 1647 983 1692 numerorum
1004 1647 1146 1709 casuum,
1168 1625 1327 1712 significa·

226 1733 352 1797 tionum
381 1742 564 1819 temporum
590 1731 759 1800 modorum
778 1753 991 1820 personarum
1012 1732 1155 1822 origines
1175 1756 1327 1821 magnam

230 1848 355 1926 partem
377 1839 411 1904 in
432 1839 568 1904 clariore
588 1839 661 1904 luce
678 1839 852 1906 collocatae
867 1850 951 1922 sunt,
973 1851 1080 1907 tamen
1100 1841 1186 1907 haud
1208 1841 1327 1929 exigua

228 1945 404 2012 formarum
430 1946 601 2012 multitudo
627 1955 743 2030 restat,
771 1969 854 2036 quae
877 1957 970 2015 extra
990 1948 1152 2036 legitimos
1172 1949 1326 2014 terminos

229 2063 407 2140 evagantes
427 2074 493 2120 non
513 2053 577 2120 nisi
595 2052 812 2124 similitudinis
838 2056 978 2143 quadam
999 2054 1108 2142 specie
1129 2077 1164 2124 se
1185 2065 1324 2121 tuentur.

229 2158 355 2240 Quodsi
376 2153 447 2225 illas
468 2182 533 2225 non
553 2159 687 2228 rationis
702 2162 778 2227 olim
799 2161 904 2228 fallaci
925 2163 1076 2249 analogia
1097 2163 1252 2250 deceptae
1271 2164 1326 2229 vel

225 2267 316 2353 leges
342 2267 464 2357 aliquas
492 2269 587 2335 nobis
609 2269 678 2356 jem
707 2270 836 2358 ignotas
864 2280 993 2338 secutae
1013 2270 1238 2352 formationes,
1267 2270 1325 2336 sed

225 2384 369 2446 monstra
390 2375 596 2446 librariorum
624 2377 757 2446 arbitrio
779 2389 889 2446 creata
916 2387 950 2444 et
970 2377 1089 2444 tradita
1111 2377 1325 2444 demonstrari

225 2482 358 2568 poterit,
387 2487 607 2568 constantiae,
633 2507 718 2573 quae
738 2484 892 2552 familiam
914 2483 1002 2549 ducit
1022 2483 1056 2550 in
1075 2483 1203 2570 lingua,
1231 2485 1325 2554 sedes

176 2643 179 2650 .
226 2591 386 2658 immerito
409 2601 519 2678 erepta
535 2593 610 2678 jure
632 2615 690 2658 suo
711 2591 875 2658 vindicata
895 2589 1069 2656 videbitur.

312 2705 337 2766 1.
373 2698 482 2766 Veluti
502 2698 610 2764 littera
631 2697 766 2766 dentalis
794 2698 828 2764 in
849 2696 940 2764 exitu
961 2697 1128 2764 nominum
1148 2699 1324 2766 latinorum

226 2819 283 2876 aut
311 2805 443 2875 ablativi
475 2806 603 2893 signum
631 2815 701 2874 erat
729 2813 786 2872 aut
812 2807 1037 2894 pronominum
1066 2807 1172 2874 neutri
1193 2808 1323 2894 generis

224 2915 459 2982 nominativum
480 2924 513 2980 et
533 2914 751 2982 accusativum
773 2913 854 3001 sing.
872 2912 1046 2984 iudicabat.
1087 2916 1198 3004 Atque
1218 2914 1251 2980 in
1272 2914 1321 2980 his

224 3023 356 3112 quidem
378 3024 504 3090 casibus
528 3033 617 3092 recte
637 3022 782 3109 Boppius
803 3021 843 3088 V.
867 3019 909 3090 G.
931 3023 1029 3090 1319
1051 3022 1247 3110 pronominis
1267 3021 1321 3090 de·

222 3129 426 3196 monstrativi
457 3142 487 3194 tc
522 3129 664 3196 radicem
699 3129 858 3216 adjectam
893 3151 964 3196 esse
997 3131 1143 3196 conicere
1176 3131 1320 3214 videtur;

94 3225 98 3232 ⁵
225 3260 308 3327 quae
329 3247 502 3325 postquam
522 3237 627 3304 vocali
648 3237 816 3306 decurtata
837 3247 901 3320 est,
927 3239 1035 3304 tenuis
1055 3238 1183 3306 transiit
1202 3239 1236 3306 in
1256 3260 1319 3306 me

225 3345 338 3412 diam:
362 3365 559 3432 quamquam
585 3368 605 3411 a
631 3345 861 3414 vetmtioribus
888 3344 1018 3432 linguae
1034 3347 1257 3413 monumentis
1278 3368 1319 3414 ne

225 3453 408 3542 primitivae
437 3451 569 3540 quidem
596 3452 721 3522 formae
748 3453 866 3525 absunt
892 3452 1049 3537 (Corsseu
1074 3454 1156 3522 Voc.
1184 3458 1320 3542 Ausspr.

224 3559 341 3626 Baton.
363 3559 420 3626 des
445 3560 518 3628 Lat.
540 3559 558 3626 Ι
586 3559 651 3645 ⁷2).
694 3559 843 3630 Eandem
870 3570 1003 3628 tenuem
1030 3559 1162 3628 ablativi
1192 3583 1321 3654 quoque

222 3669 386 3756 propriam
416 3689 488 3736 esse
516 3666 648 3736 nendica
675 3677 708 3736 at
729 3669 915 3738 sanseritica
936 3669 1062 3756 lingua,
1094 3669 1214 3758 quippe
1236 3691 1320 3756 quae

222 3776 352 3842 eosdem
380 3775 501 3863 gradus
530 3784 689 3844 mutarum
717 3785 817 3864 atque
842 3797 962 3862 graeca
990 3785 1023 3844 et
1043 3776 1144 3844 latina
1165 3776 1321 3842 exhibere

221 3884 357 3966 soleant,
377 3885 534 3971 probant3
555 3883 792 3954 mittunt-euim
813 3883 898 3952 bunc
919 3907 1030 3952 casum
1050 3886 1084 3952 in
1099 3883 1138 3968 T,
1160 3880 1319 3970 producta

221 3991 422 4058 antecedenti
443 3993 560 4058 vocali.
601 3991 655 4062 Ita
676 4012 750 4060 cunr
767 3990 837 4077 ejus
850 3993 1085 4060 terminationis
1100 3989 1318 4076 explicationi,

222 4119 319 4186 quam
339 4097 535 4166 Ritscbelius
555 4096 640 4170 Nov.
658 4097 743 4170 Mus.
764 4096 870 4168 Rhon.
887 4097 974 4170 VIII
998 4100 1054 4164 157
1075 4097 1256 4185 proposuit,
1276 4097 1318 4164 ad

221 4195 547 4296 praepositionem&
567 4227 639 4276 em
658 4215 883 4290 revocaturus,
915 4205 1082 4299 astipulari
1101 4229 1169 4276 non
1186 4205 1317 4294 possim,
