2946 4870
614 637 617 644 ⁴
691 563 766 630 Non
789 585 852 652 ego
876 575 908 630 te
929 564 1078 632 indutum
1099 566 1185 632 foras

401 669 503 737 Exire
524 669 590 738 vidi
612 671 761 760 ptllam‘?

255 777 452 868 respondere
472 788 578 866 potest
598 778 715 865 injuria
736 789 903 868 suspectus
925 783 985 844 515
1008 803 1015 844 :

400 886 475 952 Tun
495 909 542 952 me
562 887 712 952 indutum
725 886 838 973 fuisso
858 887 978 974 pallam
1002 886 1171 974 praedicas
1192 911 1201 952 ε

253 994 316 1060 nisi
344 1003 489 1082 praestat
514 993 634 1060 vidisse
654 1017 663 1058 ε
683 1016 790 1083 neque
812 1004 881 1060 erat
909 1018 966 1060 cur
986 995 1025 1061 R.
1048 995 1257 1082 praeferret:
1284 1007 1373 1079 „tun

250 1105 335 1168 mod
353 1100 524 1168 adortat
1448 1189 1449 1196 ἵ

335 1209 452 1276 Bacch.
475 1211 545 1292 678,
567 1229 664 1296 quem
686 1231 761 1275 oum
781 1209 929 1276 Bentleio
951 1209 998 1276 ita
1019 1210 1098 1276 dant
1112 1211 1151 1276 R.
1167 1219 1199 1276 et
1217 1209 1368 1278 Fleck:
1448 1197 1449 1208 ἵ

291 1317 353 1384 Pol
374 1325 421 1402 tu,
445 1339 543 1407 quam
563 1339 658 1402 nuno,
685 1318 756 1384 me‘d
776 1338 907 1383 accuses
927 1317 1039 1404 magis,
1068 1317 1095 1382 si
1115 1317 1220 1406 magis
1241 1341 1318 1386 rem

948 1425 1077 1490 noveris

250 1533 311 1618 (me
332 1531 432 1616 libri),
460 1554 526 1598 non
555 1541 622 1598 tam
650 1555 723 1598 cum
751 1531 940 1597 Hermanno
968 1554 1014 1596 mo
1042 1555 1131 1617 quam
1152 1532 1366 1600 invertentes

246 1641 337 1727 justo
366 1639 468 1726 magis
494 1661 651 1728 personae
682 1639 847 1704 notionem
878 1660 1076 1727 premamus,
1112 1661 1209 1728 quam
1241 1651 1360 1728 aptam

250 1747 403 1836 temporis
427 1748 595 1814 elationem
620 1757 785 1814 servantes
808 1756 1084 1835 transponamus:
1448 1753 1449 1822 l

309 1855 370 1920 Pol
391 1864 436 1938 tu,
459 1875 556 1942 quam
577 1877 672 1938 nuno,
694 1856 797 1941 mdpa'o
818 1877 950 1921 accuses
970 1856 1028 1938 md,
1050 1855 1077 1920 si
1098 1856 1202 1942 magis
1223 1876 1295 1920 rem

951 1963 1089 2029 noveris.

333 2071 373 2138 In
394 2070 513 2137 luxatis
533 2069 633 2136 Marc.
655 2070 687 2136 V
709 2077 739 2154 4,
768 2076 803 2135 21
829 2093 899 2158 sqq.
921 2070 1068 2137 versibus
1098 2070 1359 2159 dittographiam

251 2178 390 2246 odorans
412 2201 443 2244 v.
467 2184 503 2244 21
529 2188 561 2244 et
582 2183 620 2244 11
644 2184 803 2266 1111123
828 2187 859 2244 et
881 2184 930 2262 24,
954 2201 1035 2267 quos
1056 2177 1085 2243 B
1108 2179 1154 2244 sic
1174 2179 1273 2245 habet

295 2286 492 2377 Temperare
513 2289 596 2354 istac
617 2295 723 2354 aetate
744 2287 814 2353 istis
836 2286 929 2353 decet
950 2296 983 2353 te
1005 2287 1138 2353 artibus.

292 2395 528 2462 Adulescentes
549 2397 597 2462 rei
619 2395 766 2482 agendae
793 2395 846 2462 isti
867 2394 973 2483 magis
995 2396 1099 2462 solent
1120 2417 1252 2482 operam
1274 2395 1359 2462 dare

251 2511 313 2567 et:

291 2607 440 2674 Vacuum
462 2629 531 2674 esse
552 2609 632 2675 istac
653 2619 759 2675 aetate
781 2608 840 2676 diis
863 2608 1000 2675 decebat
1020 2608 1137 2676 noxiis.

292 2715 409 2784 Itidem
440 2726 477 2782 ut
507 2725 633 2805 tempus
666 2715 740 2782 anni
772 2725 911 2782 aetatem
945 2715 1040 2782 aliam
1071 2715 1159 2782 aliud
1188 2716 1312 2782 factum

953 2824 1110 2890 condecet

175 2933 180 2944 '
252 2935 307 3019 (23
329 2934 408 3000 istoc
428 2936 594 3000 1111111111
613 2935 663 3000 111
686 2932 767 3018 OD)
789 2973 827 2984 --
852 2933 1014 3000 contraxit
1035 2932 1096 2998 R:

291 3040 486 3128 Temperare
508 3043 590 3108 istac
611 3044 664 3110 ted
687 3051 793 3110 aetate
814 3044 864 3107 his
886 3041 1022 3108 decebat
1043 3039 1148 3106 noxiis
1171 3064 1178 3106 :

292 3135 418 3213 I'tidem
449 3157 485 3214 ut
516 3157 643 3236 tempus
671 3150 747 3214 anni
779 3157 918 3214 aetatem
947 3147 1041 3214 aliam
1074 3145 1163 3214 aliud
1192 3147 1312 3212 factum

946 3254 1109 3321 condecet.

336 3361 403 3432 Sed
432 3361 466 3429 in
495 3373 585 3430 tanta
612 3363 732 3430 vicinia
761 3363 832 3452 quis
858 3385 924 3430 non
952 3365 1087 3430 moleste
1109 3363 1172 3430 fort
1197 3361 1357 3449 repetitas

251 3494 352 3540 voces·
370 3485 466 3539 aetate
488 3498 495 3540 :
516 3483 644 3538 aetatem
667 3481 700 3538 et
720 3473 847 3538 docebat
865 3509 906 3520 -
924 3473 1092 3538 condecet?
1133 3470 1245 3538 Malim
1266 3469 1356 3557 equi-

253 3580 327 3646 dem
359 3603 471 3646 versus
500 3605 520 3648 a
548 3579 640 3646 codd.
672 3580 799 3646 oblatos
826 3580 939 3646 eodem
968 3579 1081 3645 ordine
1109 3579 1263 3661 relinere,
1292 3578 1358 3642 nisi

253 3688 341 3776 quod
362 3712 393 3754 v.
412 3695 448 3755 21
475 3692 567 3755 1123
588 3688 641 3752 vel
662 3688 695 3752 in
716 3697 812 3775 grata
832 3688 939 3753 Plauti
960 3687 1156 3773 loquacitate
1179 3684 1354 3752 similitudo

252 3796 358 3880 major
380 3805 438 3879 est,
462 3819 560 3885 quam
581 3805 617 3861 ut
638 3804 812 3882 utrumque
840 3796 940 3861 abeo
964 3795 1145 3882 profectum
1175 3793 1353 3860 credamus.

252 3903 368 3968 Altero
390 3925 467 3970 vero
491 3905 594 3991 ejecto
617 3903 722 3970 varias
743 3903 863 3968 formas
885 3903 967 3968 alter
988 3902 1145 3986 admittit,
1174 3900 1353 3988 exquibus

254 4033 318 4077 non
339 4009 444 4096 magis
467 4031 564 4096 quam
586 4035 634 4097 ea,
658 4035 741 4102 quae
763 4011 939 4078 Ritschelio
961 4011 1098 4100 placuit,
1120 4011 1200 4078 haec
1222 4032 1242 4074 a
1262 4008 1352 4075 codd.

254 4116 408 4187 recedit:

384 4224 583 4315 Temperare
604 4225 686 4293 isttc
707 4237 815 4296 aetate
835 4241 862 4292 ta
882 4227 931 4294 111
953 4226 1088 4294 decebat
1108 4224 1222 4290 noxiis.
