<?xml version="1.0" encoding="UTF-8"?>
<!DOCTYPE html PUBLIC "-//W3C//DTD XHTML 1.0 Transitional//EN"
    "http://www.w3.org/TR/xhtml1/DTD/xhtml1-transitional.dtd">
<html xmlns="http://www.w3.org/1999/xhtml" xml:lang="en" lang="en">
 <head>
  <title>
</title>
<meta http-equiv="Content-Type" content="text/html;charset=utf-8" />
  <meta name='ocr-system' content='tesseract 3.04.00' />
  <meta name='ocr-capabilities' content='ocr_page ocr_carea ocr_par ocr_line ocrx_word'/>
</head>
<body>
  <div class='ocr_page' id='page_1' title='image "./meletemataplaut00umpfgoog_0068.png"; bbox 0 0 2946 4870; ppageno 0'>
   <div class='ocr_carea' id='block_1_1' title="bbox 1201 367 1241 432">
    <p class='ocr_par' dir='ltr' id='par_1_1' title="bbox 1201 367 1241 432">
     <span class='ocr_line' id='line_1_1' title="bbox 1201 367 1241 432; baseline 0 0"><span class='ocrx_word' id='word_1_1' title='bbox 1201 367 1241 432; x_wconf 82' lang='lat'><strong>57</strong></span> 
     </span>
    </p>
   </div>
   <div class='ocr_carea' id='block_1_2' title="bbox 149 549 1244 963">
    <p class='ocr_par' dir='ltr' id='par_1_2' title="bbox 149 549 1244 963">
     <span class='ocr_line' id='line_1_2' title="bbox 149 549 1243 637; baseline 0.001 -22"><span class='ocrx_word' id='word_1_2' title='bbox 149 550 279 616; x_wconf 70' lang='lat' dir='ltr'><strong>testula</strong></span> <span class='ocrx_word' id='word_1_3' title='bbox 307 551 341 616; x_wconf 82' lang='lat' dir='ltr'><strong>e&#39;n</strong></span> <span class='ocrx_word' id='word_1_4' title='bbox 368 549 585 618; x_wconf 60' lang='lat' dir='ltr'><strong>adolescentia.</strong></span> <span class='ocrx_word' id='word_1_5' title='bbox 657 549 804 618; x_wconf 77' lang='lat' dir='ltr'><strong>Mutatur</strong></span> <span class='ocrx_word' id='word_1_6' title='bbox 832 551 878 617; x_wconf 88' lang='lat' dir='ltr'><strong>ita</strong></span> <span class='ocrx_word' id='word_1_7' title='bbox 907 550 956 616; x_wconf 86' lang='lat' dir='ltr'><strong>vis</strong></span> <span class='ocrx_word' id='word_1_8' title='bbox 982 549 1157 637; x_wconf 75' lang='lat' dir='ltr'>particulae</span> <span class='ocrx_word' id='word_1_9' title='bbox 1184 550 1243 634; x_wconf 78' lang='lat' dir='ltr'><strong>ool,</strong></span> 
     </span>
     <span class='ocr_line' id='line_1_3' title="bbox 149 657 1243 747; baseline -0.001 -23"><span class='ocrx_word' id='word_1_10' title='bbox 149 681 233 746; x_wconf 88' lang='lat' dir='ltr'><strong>quae</strong></span> <span class='ocrx_word' id='word_1_11' title='bbox 254 659 288 723; x_wconf 93' lang='lat' dir='ltr'><strong>in</strong></span> <span class='ocrx_word' id='word_1_12' title='bbox 309 665 448 746; x_wconf 87' lang='lat' dir='ltr'><strong>utroque</strong></span> <span class='ocrx_word' id='word_1_13' title='bbox 469 659 576 746; x_wconf 85' lang='lat' dir='ltr'><strong>priore</strong></span> <span class='ocrx_word' id='word_1_14' title='bbox 598 659 760 747; x_wconf 84' lang='lat' dir='ltr'><strong>explicatu</strong></span> <span class='ocrx_word' id='word_1_15' title='bbox 781 657 866 725; x_wconf 88' lang='lat' dir='ltr'><strong>idem</strong></span> <span class='ocrx_word' id='word_1_16' title='bbox 887 660 1016 725; x_wconf 85' lang='lat' dir='ltr'><strong>valebat</strong></span> <span class='ocrx_word' id='word_1_17' title='bbox 1037 659 1243 745; x_wconf 75' lang='lat' dir='ltr'><strong>quodetiam,</strong></span> 
     </span>
     <span class='ocr_line' id='line_1_4' title="bbox 149 765 1242 855; baseline 0.001 -25"><span class='ocrx_word' id='word_1_18' title='bbox 149 766 243 832; x_wconf 90' lang='lat' dir='ltr'><strong>nobis</strong></span> <span class='ocrx_word' id='word_1_19' title='bbox 265 776 372 832; x_wconf 83' lang='lat' dir='ltr'><strong>autem</strong></span> <span class='ocrx_word' id='word_1_20' title='bbox 393 765 506 832; x_wconf 86' lang='lat' dir='ltr'><strong>eodem</strong></span> <span class='ocrx_word' id='word_1_21' title='bbox 526 767 632 849; x_wconf 89' lang='lat' dir='ltr'><strong>modo,</strong></span> <span class='ocrx_word' id='word_1_22' title='bbox 655 789 718 855; x_wconf 91' lang='lat' dir='ltr'><strong>quo</strong></span> <span class='ocrx_word' id='word_1_23' title='bbox 734 766 861 853; x_wconf 83' lang='lat' dir='ltr'><strong>saepius</strong></span> <span class='ocrx_word' id='word_1_24' title='bbox 876 778 931 830; x_wconf 85' lang='lat' dir='ltr'><strong>aot</strong></span> <span class='ocrx_word' id='word_1_25' title='bbox 946 767 1001 851; x_wconf 85' lang='lat' dir='ltr'><strong>(de</strong></span> <span class='ocrx_word' id='word_1_26' title='bbox 1014 765 1076 831; x_wconf 87' lang='lat' dir='ltr'><strong>hoe</strong></span> <span class='ocrx_word' id='word_1_27' title='bbox 1089 788 1121 832; x_wconf 86' lang='lat' dir='ltr'><strong>v.</strong></span> <span class='ocrx_word' id='word_1_28' title='bbox 1133 765 1242 833; x_wconf 89' lang='lat' dir='ltr'><strong>Hand.</strong></span> 
     </span>
     <span class='ocr_line' id='line_1_5' title="bbox 150 863 1244 963; baseline 0.002 -25"><span class='ocrx_word' id='word_1_29' title='bbox 150 871 289 939; x_wconf 82' lang='lat' dir='ltr'><strong>Tursell.</strong></span> <span class='ocrx_word' id='word_1_30' title='bbox 321 874 339 941; x_wconf 96' lang='lat' dir='ltr'>I</span> <span class='ocrx_word' id='word_1_31' title='bbox 371 874 445 959; x_wconf 83' lang='lat'>538)</span> <span class='ocrx_word' id='word_1_32' title='bbox 484 875 569 941; x_wconf 86' lang='lat' dir='ltr'><strong>idem</strong></span> <span class='ocrx_word' id='word_1_33' title='bbox 606 875 674 942; x_wconf 81' lang='lat' dir='ltr'><strong>fere</strong></span> <span class='ocrx_word' id='word_1_34' title='bbox 712 863 800 963; x_wconf 88' lang='lat' dir='ltr'><strong>quod</strong></span> <span class='ocrx_word' id='word_1_35' title='bbox 831 875 972 962; x_wconf 80' lang='lat' dir='ltr'><strong>alioquin</strong></span> <span class='ocrx_word' id='word_1_36' title='bbox 1001 874 1130 941; x_wconf 84' lang='lat' dir='ltr'><strong>videtur</strong></span> <span class='ocrx_word' id='word_1_37' title='bbox 1163 896 1244 942; x_wconf 84' lang='lat' dir='ltr'><strong>esse.</strong></span> 
     </span>
    </p>
   </div>
   <div class='ocr_carea' id='block_1_3' title="bbox 147 980 1249 4304">
    <p class='ocr_par' dir='ltr' id='par_1_3' title="bbox 147 980 1249 4304">
     <span class='ocr_line' id='line_1_6' title="bbox 150 980 1246 1072; baseline 0.004 -26"><span class='ocrx_word' id='word_1_38' title='bbox 150 981 322 1068; x_wconf 86' lang='lat' dir='ltr'><strong>Pergimus</strong></span> <span class='ocrx_word' id='word_1_39' title='bbox 343 980 385 1048; x_wconf 91' lang='lat' dir='ltr'><strong>ad</strong></span> <span class='ocrx_word' id='word_1_40' title='bbox 400 983 542 1072; x_wconf 89' lang='lat' dir='ltr'><strong>reliquos</strong></span> <span class='ocrx_word' id='word_1_41' title='bbox 559 983 711 1071; x_wconf 85' lang='lat' dir='ltr'><strong>jussivos.</strong></span> <span class='ocrx_word' id='word_1_42' title='bbox 747 983 902 1071; x_wconf 82' lang='lat' dir='ltr'>Nugatur</span> <span class='ocrx_word' id='word_1_43' title='bbox 915 981 1167 1066; x_wconf 89' lang='lat' dir='ltr'><strong>Lindemannus‚</strong></span> <span class='ocrx_word' id='word_1_44' title='bbox 1189 981 1246 1068; x_wconf 91' lang='lat' dir='ltr'><strong>qui</strong></span> 
     </span>
     <span class='ocr_line' id='line_1_7' title="bbox 150 1087 386 1156; baseline -0.008 0"><span class='ocrx_word' id='word_1_45' title='bbox 150 1088 192 1156; x_wconf 85' lang='lat' dir='ltr'><strong>ad</strong></span> <span class='ocrx_word' id='word_1_46' title='bbox 214 1087 304 1155; x_wconf 87' lang='lat' dir='ltr'><strong>Trin.</strong></span> <span class='ocrx_word' id='word_1_47' title='bbox 329 1094 386 1156; x_wconf 88' lang='grc'><strong>133</strong></span> 
     </span>
     <span class='ocr_line' id='line_1_8' title="bbox 190 1195 1131 1284; baseline 0 -22"><span class='ocrx_word' id='word_1_48' title='bbox 190 1195 268 1262; x_wconf 90' lang='lat' dir='ltr'><strong>Non</strong></span> <span class='ocrx_word' id='word_1_49' title='bbox 288 1218 349 1284; x_wconf 88' lang='lat' dir='ltr'><strong>ego</strong></span> <span class='ocrx_word' id='word_1_50' title='bbox 370 1197 416 1263; x_wconf 90' lang='lat' dir='ltr'><strong>ssli</strong></span> <span class='ocrx_word' id='word_1_51' title='bbox 438 1206 607 1284; x_wconf 87' lang='lat' dir='ltr'><strong>argentum</strong></span> <span class='ocrx_word' id='word_1_52' title='bbox 628 1195 825 1264; x_wconf 75' lang='lat' dir='ltr'><strong>redderem?</strong></span> <span class='ocrx_word' id='word_1_53' title='bbox 846 1219 874 1261; x_wconf 73' lang='grc' dir='ltr'><strong>ιε</strong></span> <span class='ocrx_word' id='word_1_54' title='bbox 895 1197 971 1264; x_wconf 89' lang='lat' dir='ltr'><strong>Non</strong></span> <span class='ocrx_word' id='word_1_55' title='bbox 992 1198 1131 1263; x_wconf 80' lang='lat' dir='ltr'><strong>re‘dderes</strong></span> 
     </span>
     <span class='ocr_line' id='line_1_9' title="bbox 192 1302 1203 1393; baseline -0.001 -23"><span class='ocrx_word' id='word_1_56' title='bbox 192 1303 310 1392; x_wconf 80' lang='lat' dir='ltr'><strong>Neque</strong></span> <span class='ocrx_word' id='word_1_57' title='bbox 331 1302 372 1370; x_wconf 90' lang='lat' dir='ltr'><strong>de</strong></span> <span class='ocrx_word' id='word_1_58' title='bbox 392 1305 448 1370; x_wconf 82' lang='lat' dir='ltr'><strong>illo</strong></span> <span class='ocrx_word' id='word_1_59' title='bbox 471 1304 644 1392; x_wconf 89' lang='lat' dir='ltr'><strong>quiequam</strong></span> <span class='ocrx_word' id='word_1_60' title='bbox 663 1304 770 1390; x_wconf 73' lang='lat' dir='ltr'><strong>neque</strong></span> <span class='ocrx_word' id='word_1_61' title='bbox 790 1327 903 1371; x_wconf 78' lang='lat' dir='ltr'><strong>emeres</strong></span> <span class='ocrx_word' id='word_1_62' title='bbox 923 1326 1029 1393; x_wconf 86' lang='lat' dir='ltr'><strong>neque</strong></span> <span class='ocrx_word' id='word_1_63' title='bbox 1053 1305 1203 1388; x_wconf 61' lang='lat' dir='ltr'><strong>studeres,</strong></span> 
     </span>
     <span class='ocr_line' id='line_1_10' title="bbox 192 1411 909 1501; baseline -0.001 -23"><span class='ocrx_word' id='word_1_64' title='bbox 192 1411 263 1478; x_wconf 88' lang='lat' dir='ltr'><strong>Nee</strong></span> <span class='ocrx_word' id='word_1_65' title='bbox 286 1417 342 1501; x_wconf 83' lang='lat' dir='ltr'><strong>qut</strong></span> <span class='ocrx_word' id='word_1_66' title='bbox 364 1412 504 1479; x_wconf 81' lang='lat' dir='ltr'><strong>deterior</strong></span> <span class='ocrx_word' id='word_1_67' title='bbox 524 1414 617 1496; x_wconf 75' lang='lat' dir='ltr'><strong>esset,</strong></span> <span class='ocrx_word' id='word_1_68' title='bbox 631 1412 763 1498; x_wconf 79' lang='lat' dir='ltr'><strong>faceres</strong></span> <span class='ocrx_word' id='word_1_69' title='bbox 784 1412 909 1498; x_wconf 78' lang='lat' dir='ltr'><strong>copiam</strong></span> 
     </span>
     <span class='ocr_line' id='line_1_11' title="bbox 150 1519 1243 1608; baseline -0.002 -22"><span class='ocrx_word' id='word_1_70' title='bbox 150 1521 394 1608; x_wconf 58' lang='lat' dir='ltr'><strong>„conjunctivum</strong></span> <span class='ocrx_word' id='word_1_71' title='bbox 425 1521 541 1607; x_wconf 79' lang='lat' dir='ltr'><strong>inquit,</strong></span> <span class='ocrx_word' id='word_1_72' title='bbox 576 1544 638 1586; x_wconf 84' lang='lat' dir='ltr'><strong>rem</strong></span> <span class='ocrx_word' id='word_1_73' title='bbox 674 1533 831 1607; x_wconf 79' lang='lat' dir='ltr'><strong>tamquam</strong></span> <span class='ocrx_word' id='word_1_74' title='bbox 860 1520 1025 1607; x_wconf 83' lang='lat' dir='ltr'><strong>copitutam</strong></span> <span class='ocrx_word' id='word_1_75' title='bbox 1054 1519 1243 1604; x_wconf 68' lang='lat' dir='ltr'><strong>mouentium</strong></span> 
     </span>
     <span class='ocr_line' id='line_1_12' title="bbox 149 1625 1249 1717; baseline -0.002 -24"><span class='ocrx_word' id='word_1_76' title='bbox 149 1626 217 1716; x_wconf 83' lang='lat' dir='ltr'><strong>[sed</strong></span> <span class='ocrx_word' id='word_1_77' title='bbox 240 1627 311 1715; x_wconf 90' lang='lat' dir='ltr'><strong>quis</strong></span> <span class='ocrx_word' id='word_1_78' title='bbox 333 1627 555 1716; x_wconf 76' lang='lat' dir='ltr'><strong>conjunctivus</strong></span> <span class='ocrx_word' id='word_1_79' title='bbox 570 1625 689 1716; x_wconf 75' lang='lat' dir='ltr'><strong>non?];</strong></span> <span class='ocrx_word' id='word_1_80' title='bbox 711 1627 812 1717; x_wconf 72' lang='lat' dir='ltr'><strong>Ipsius</strong></span> <span class='ocrx_word' id='word_1_81' title='bbox 832 1651 904 1694; x_wconf 82' lang='lat' dir='ltr'><strong>noa</strong></span> <span class='ocrx_word' id='word_1_82' title='bbox 923 1627 1121 1692; x_wconf 79' lang='lat' dir='ltr'><em>redderem</em></span> <span class='ocrx_word' id='word_1_83' title='bbox 1143 1639 1187 1692; x_wconf 83' lang='lat' dir='ltr'><strong>est</strong></span> <span class='ocrx_word' id='word_1_84' title='bbox 1209 1627 1249 1691; x_wconf 77' lang='lat' dir='ltr'><strong>ri</strong></span> 
     </span>
     <span class='ocr_line' id='line_1_13' title="bbox 147 1735 1243 1819; baseline -0.002 -19"><span class='ocrx_word' id='word_1_85' title='bbox 147 1748 180 1801; x_wconf 80' lang='lat' dir='ltr'><strong>te</strong></span> <span class='ocrx_word' id='word_1_86' title='bbox 211 1735 414 1819; x_wconf 71' lang='lat' dir='ltr'><strong>audirem,</strong></span> <span class='ocrx_word' id='word_1_87' title='bbox 444 1759 517 1802; x_wconf 79' lang='lat' dir='ltr'><strong>oon</strong></span> <span class='ocrx_word' id='word_1_88' title='bbox 547 1735 781 1802; x_wconf 62' lang='lat' dir='ltr'><strong>reddeundi</strong></span> <span class='ocrx_word' id='word_1_89' title='bbox 822 1735 862 1800; x_wconf 94' lang='lat' dir='ltr'><strong>Id</strong></span> <span class='ocrx_word' id='word_1_90' title='bbox 890 1743 1017 1801; x_wconf 89' lang='lat' dir='ltr'><strong>tantum</strong></span> <span class='ocrx_word' id='word_1_91' title='bbox 1042 1755 1157 1800; x_wconf 85' lang='lat' dir='ltr'><strong>verum</strong></span> <span class='ocrx_word' id='word_1_92' title='bbox 1185 1742 1243 1817; x_wconf 86' lang='lat' dir='ltr'><strong>est,</strong></span> 
     </span>
     <span class='ocr_line' id='line_1_14' title="bbox 148 1841 1245 1932; baseline 0 -24"><span class='ocrx_word' id='word_1_93' title='bbox 148 1865 214 1909; x_wconf 91' lang='lat' dir='ltr'><strong>non</strong></span> <span class='ocrx_word' id='word_1_94' title='bbox 234 1841 404 1930; x_wconf 74' lang='lat' dir='ltr'><strong>imperiose</strong></span> <span class='ocrx_word' id='word_1_95' title='bbox 432 1844 521 1930; x_wconf 82' lang='lat' dir='ltr'><strong>posci</strong></span> <span class='ocrx_word' id='word_1_96' title='bbox 541 1843 665 1932; x_wconf 84' lang='lat' dir='ltr'><strong>aliquid</strong></span> <span class='ocrx_word' id='word_1_97' title='bbox 685 1843 715 1908; x_wconf 92' lang='lat' dir='ltr'><strong>h.</strong></span> <span class='ocrx_word' id='word_1_98' title='bbox 738 1844 760 1909; x_wconf 92' lang='lat' dir='ltr'><strong>l.</strong></span> <span class='ocrx_word' id='word_1_99' title='bbox 782 1880 824 1890; x_wconf 92' lang='lat'>-</span> <span class='ocrx_word' id='word_1_100' title='bbox 843 1843 923 1909; x_wconf 89' lang='lat' dir='ltr'><strong>nihil</strong></span> <span class='ocrx_word' id='word_1_101' title='bbox 943 1843 1002 1908; x_wconf 90' lang='lat' dir='ltr'><strong>hoo</strong></span> <span class='ocrx_word' id='word_1_102' title='bbox 1023 1843 1191 1931; x_wconf 81' lang='lat' dir='ltr'><strong>prodesset</strong></span> <span class='ocrx_word' id='word_1_103' title='bbox 1211 1843 1245 1908; x_wconf 92' lang='lat' dir='ltr'><strong>in</strong></span> 
     </span>
     <span class='ocr_line' id='line_1_15' title="bbox 148 1947 1244 2040; baseline -0.001 -24"><span class='ocrx_word' id='word_1_104' title='bbox 148 1973 183 2016; x_wconf 87' lang='lat' dir='ltr'><strong>re</strong></span> <span class='ocrx_word' id='word_1_105' title='bbox 203 1951 378 2038; x_wconf 88' lang='lat' dir='ltr'><strong>praeterita</strong></span> <span class='ocrx_word' id='word_1_106' title='bbox 399 1975 457 2036; x_wconf 81' lang='lat'><strong>-3</strong></span> <span class='ocrx_word' id='word_1_107' title='bbox 495 1952 660 2018; x_wconf 89' lang='lat' dir='ltr'><strong>lenitatem</strong></span> <span class='ocrx_word' id='word_1_108' title='bbox 683 1951 845 2040; x_wconf 83' lang='lat' dir='ltr'><strong>quandam</strong></span> <span class='ocrx_word' id='word_1_109' title='bbox 866 1952 935 2040; x_wconf 85' lang='lat' dir='ltr'><strong>ipsa</strong></span> <span class='ocrx_word' id='word_1_110' title='bbox 956 1951 1086 2039; x_wconf 85' lang='lat' dir='ltr'><strong>negatio</strong></span> <span class='ocrx_word' id='word_1_111' title='bbox 1107 1973 1170 2016; x_wconf 78' lang='lat' dir='ltr'><strong>ooo</strong></span> <span class='ocrx_word' id='word_1_112' title='bbox 1191 1947 1244 2016; x_wconf 85' lang='lat' dir='ltr'><strong>ad-</strong></span> 
     </span>
     <span class='ocr_line' id='line_1_16' title="bbox 148 2047 1245 2147; baseline 0.003 -24"><span class='ocrx_word' id='word_1_113' title='bbox 148 2058 251 2126; x_wconf 90' lang='lat' dir='ltr'><strong>hibita</strong></span> <span class='ocrx_word' id='word_1_114' title='bbox 283 2058 406 2125; x_wconf 79' lang='lat' dir='ltr'><strong>indicat</strong></span> <span class='ocrx_word' id='word_1_115' title='bbox 433 2084 441 2122; x_wconf 75' lang='grc' dir='ltr'>ε</span> <span class='ocrx_word' id='word_1_116' title='bbox 469 2059 555 2125; x_wconf 87' lang='lat' dir='ltr'><strong>unde</strong></span> <span class='ocrx_word' id='word_1_117' title='bbox 585 2047 787 2147; x_wconf 84' lang='lat' dir='ltr'><strong>Madvigium</strong></span> <span class='ocrx_word' id='word_1_118' title='bbox 821 2057 964 2124; x_wconf 87' lang='lat' dir='ltr'><strong>severius</strong></span> <span class='ocrx_word' id='word_1_119' title='bbox 994 2082 1033 2126; x_wconf 79' lang='lat' dir='ltr'><strong>ae</strong></span> <span class='ocrx_word' id='word_1_120' title='bbox 1068 2059 1245 2147; x_wconf 75' lang='lat' dir='ltr'><strong>postulasse</strong></span> 
     </span>
     <span class='ocr_line' id='line_1_17' title="bbox 149 2166 1246 2254; baseline 0.002 -22"><span class='ocrx_word' id='word_1_121' title='bbox 149 2176 283 2254; x_wconf 89' lang='lat' dir='ltr'><strong>apparet</strong></span> <span class='ocrx_word' id='word_1_122' title='bbox 311 2189 318 2231; x_wconf 95' lang='lat'><strong>:</strong></span> <span class='ocrx_word' id='word_1_123' title='bbox 347 2188 543 2254; x_wconf 80' lang='lat' dir='ltr'><strong>quamquam</strong></span> <span class='ocrx_word' id='word_1_124' title='bbox 574 2166 740 2234; x_wconf 75' lang='lat' dir='ltr'><strong>excusatio</strong></span> <span class='ocrx_word' id='word_1_125' title='bbox 772 2167 922 2234; x_wconf 85' lang='lat' dir='ltr'><strong>insolenti</strong></span> <span class='ocrx_word' id='word_1_126' title='bbox 952 2167 1025 2234; x_wconf 92' lang='lat' dir='ltr'><strong>usui</strong></span> <span class='ocrx_word' id='word_1_127' title='bbox 1056 2177 1169 2254; x_wconf 87' lang='lat' dir='ltr'><strong>parata</strong></span> <span class='ocrx_word' id='word_1_128' title='bbox 1197 2176 1246 2234; x_wconf 87' lang='lat' dir='ltr'><strong>est</strong></span> 
     </span>
     <span class='ocr_line' id='line_1_18' title="bbox 148 2272 1245 2363; baseline 0.002 -25"><span class='ocrx_word' id='word_1_129' title='bbox 148 2272 224 2338; x_wconf 88' lang='lat' dir='ltr'><strong>inde</strong></span> <span class='ocrx_word' id='word_1_130' title='bbox 253 2273 340 2363; x_wconf 92' lang='lat' dir='ltr'><strong>quod</strong></span> <span class='ocrx_word' id='word_1_131' title='bbox 371 2273 490 2340; x_wconf 86' lang='lat' dir='ltr'><strong>eisdem</strong></span> <span class='ocrx_word' id='word_1_132' title='bbox 519 2273 642 2358; x_wconf 89' lang='lat' dir='ltr'><strong>verbis,</strong></span> <span class='ocrx_word' id='word_1_133' title='bbox 675 2273 791 2363; x_wconf 91' lang='lat' dir='ltr'><strong>quibus</strong></span> <span class='ocrx_word' id='word_1_134' title='bbox 822 2272 1057 2361; x_wconf 85' lang='lat' dir='ltr'><strong>interrogatum</strong></span> <span class='ocrx_word' id='word_1_135' title='bbox 1084 2284 1131 2340; x_wconf 86' lang='lat' dir='ltr'><strong>ast</strong></span> <span class='ocrx_word' id='word_1_136' title='bbox 1154 2275 1245 2360; x_wconf 84' lang='lat' dir='ltr'><strong>„Non</strong></span> 
     </span>
     <span class='ocr_line' id='line_1_19' title="bbox 148 2380 1145 2470; baseline 0.003 -24"><span class='ocrx_word' id='word_1_137' title='bbox 148 2381 331 2466; x_wconf 38' lang='lat' dir='ltr'><strong>redderem&amp;</strong></span> <span class='ocrx_word' id='word_1_138' title='bbox 352 2382 539 2470; x_wconf 73' lang='lat' dir='ltr'><strong>responderi</strong></span> <span class='ocrx_word' id='word_1_139' title='bbox 560 2391 810 2449; x_wconf 86' lang='lat' dir='ltr'><strong>consentaneum</strong></span> <span class='ocrx_word' id='word_1_140' title='bbox 832 2392 892 2449; x_wconf 88' lang='lat' dir='ltr'><strong>est.</strong></span> <span class='ocrx_word' id='word_1_141' title='bbox 913 2415 955 2428; x_wconf 87' lang='lat'><em>-</em></span> <span class='ocrx_word' id='word_1_142' title='bbox 976 2380 1062 2449; x_wconf 89' lang='lat' dir='ltr'><strong>Rud.</strong></span> <span class='ocrx_word' id='word_1_143' title='bbox 1085 2387 1145 2449; x_wconf 83' lang='lat'><strong>842</strong></span> 
     </span>
     <span class='ocr_line' id='line_1_20' title="bbox 192 2489 1096 2579; baseline 0.001 -24"><span class='ocrx_word' id='word_1_144' title='bbox 192 2490 280 2571; x_wconf 79' lang='lat' dir='ltr'><strong>Quin</strong></span> <span class='ocrx_word' id='word_1_145' title='bbox 299 2490 442 2558; x_wconf 77' lang='lat' dir='ltr'><strong>decidisti</strong></span> <span class='ocrx_word' id='word_1_146' title='bbox 464 2491 656 2579; x_wconf 73' lang='lat' dir='ltr'><strong>extemplo?</strong></span> <span class='ocrx_word' id='word_1_147' title='bbox 678 2513 704 2555; x_wconf 90' lang='lat'><strong>::</strong></span> <span class='ocrx_word' id='word_1_148' title='bbox 728 2489 864 2558; x_wconf 83' lang='lat' dir='ltr'><strong>Gladius</strong></span> <span class='ocrx_word' id='word_1_149' title='bbox 886 2494 952 2556; x_wconf 81' lang='lat' dir='ltr'><strong>ndu</strong></span> <span class='ocrx_word' id='word_1_150' title='bbox 974 2499 1044 2557; x_wconf 87' lang='lat' dir='ltr'><strong>erat</strong></span> <span class='ocrx_word' id='word_1_151' title='bbox 1064 2514 1096 2556; x_wconf 73' lang='lat' dir='ltr'><strong>:e</strong></span> 
     </span>
     <span class='ocr_line' id='line_1_21' title="bbox 192 2596 1245 2688; baseline 0 -24"><span class='ocrx_word' id='word_1_152' title='bbox 192 2597 327 2685; x_wconf 65' lang='lat' dir='ltr'><strong>Caperes</strong></span> <span class='ocrx_word' id='word_1_153' title='bbox 348 2607 405 2664; x_wconf 85' lang='lat' dir='ltr'><strong>aut</strong></span> <span class='ocrx_word' id='word_1_154' title='bbox 427 2600 545 2665; x_wconf 80' lang='lat' dir='ltr'><strong>fustem</strong></span> <span class='ocrx_word' id='word_1_155' title='bbox 566 2608 623 2666; x_wconf 86' lang='lat' dir='ltr'><strong>aut</strong></span> <span class='ocrx_word' id='word_1_156' title='bbox 643 2599 776 2686; x_wconf 69' lang='lat' dir='ltr'><strong>lapidem</strong></span> <span class='ocrx_word' id='word_1_157' title='bbox 790 2621 817 2665; x_wconf 74' lang='grc' dir='ltr'><strong>ιε</strong></span> <span class='ocrx_word' id='word_1_158' title='bbox 841 2596 927 2680; x_wconf 82' lang='lat' dir='ltr'><strong>Quid</strong></span> <span class='ocrx_word' id='word_1_159' title='bbox 944 2621 1006 2686; x_wconf 85' lang='lat' dir='ltr'><strong>ego</strong></span> <span class='ocrx_word' id='word_1_160' title='bbox 1025 2599 1119 2688; x_wconf 65' lang='lat' dir='ltr'><strong>quisi</strong></span> <span class='ocrx_word' id='word_1_161' title='bbox 1132 2619 1245 2666; x_wconf 83' lang='lat' dir='ltr'><strong>canem</strong></span> 
     </span>
     <span class='ocr_line' id='line_1_22' title="bbox 190 2705 1012 2794; baseline -0.002 -22"><span class='ocrx_word' id='word_1_162' title='bbox 190 2706 364 2772; x_wconf 88' lang='lat' dir='ltr'><strong>Hominem</strong></span> <span class='ocrx_word' id='word_1_163' title='bbox 385 2711 553 2772; x_wconf 71' lang='lat' dir='ltr'><strong>inseremur</strong></span> <span class='ocrx_word' id='word_1_164' title='bbox 572 2705 731 2794; x_wconf 75' lang='lat' dir='ltr'><strong>ltpidibus</strong></span> <span class='ocrx_word' id='word_1_165' title='bbox 751 2705 1012 2794; x_wconf 75' lang='lat' dir='ltr'><strong>nequissimum?</strong></span> 
     </span>
     <span class='ocr_line' id='line_1_23' title="bbox 149 2796 1246 2901; baseline 0 -21"><span class='ocrx_word' id='word_1_166' title='bbox 149 2814 241 2880; x_wconf 88' lang='lat' dir='ltr'><strong>Pers.</strong></span> <span class='ocrx_word' id='word_1_167' title='bbox 264 2818 326 2880; x_wconf 87' lang='grc'><strong>710</strong></span> <span class='ocrx_word' id='word_1_168' title='bbox 356 2796 624 2901; x_wconf 63' lang='grc' dir='ltr'><strong>ὃαςατίεῇοηθηι,</strong></span> <span class='ocrx_word' id='word_1_169' title='bbox 641 2815 828 2896; x_wconf 85' lang='lat' dir='ltr'><strong>abeuntem,</strong></span> <span class='ocrx_word' id='word_1_170' title='bbox 858 2814 950 2901; x_wconf 80' lang='lat' dir='ltr'><strong>cujus</strong></span> <span class='ocrx_word' id='word_1_171' title='bbox 980 2813 1104 2882; x_wconf 86' lang='lat' dir='ltr'><strong>animus</strong></span> <span class='ocrx_word' id='word_1_172' title='bbox 1121 2814 1191 2900; x_wconf 91' lang='lat' dir='ltr'><strong>jam</strong></span> <span class='ocrx_word' id='word_1_173' title='bbox 1212 2814 1246 2880; x_wconf 92' lang='lat' dir='ltr'><strong>in</strong></span> 
     </span>
     <span class='ocr_line' id='line_1_24' title="bbox 149 2921 920 3010; baseline -0.004 -22"><span class='ocrx_word' id='word_1_174' title='bbox 149 2922 226 2988; x_wconf 86' lang='lat' dir='ltr'><strong>navi</strong></span> <span class='ocrx_word' id='word_1_175' title='bbox 249 2931 307 3005; x_wconf 86' lang='lat' dir='ltr'><strong>est,</strong></span> <span class='ocrx_word' id='word_1_176' title='bbox 327 2922 534 3010; x_wconf 88' lang='lat' dir='ltr'><strong>prosequitur</strong></span> <span class='ocrx_word' id='word_1_177' title='bbox 554 2921 603 2987; x_wconf 89' lang='lat' dir='ltr'><strong>his</strong></span> <span class='ocrx_word' id='word_1_178' title='bbox 624 2921 733 2988; x_wconf 86' lang='lat' dir='ltr'><strong>verbis</strong></span> <span class='ocrx_word' id='word_1_179' title='bbox 755 2921 890 2987; x_wconf 86' lang='lat' dir='ltr'><strong>Toxilus</strong></span> <span class='ocrx_word' id='word_1_180' title='bbox 912 2943 920 2985; x_wconf 75' lang='grc' dir='ltr'><strong><em>ε</em></strong></span> 
     </span>
     <span class='ocr_line' id='line_1_25' title="bbox 252 3027 1030 3117; baseline -0.003 -21"><span class='ocrx_word' id='word_1_181' title='bbox 252 3027 333 3096; x_wconf 82' lang='lat' dir='ltr'><strong>Cras</strong></span> <span class='ocrx_word' id='word_1_182' title='bbox 354 3033 415 3096; x_wconf 78' lang='lat' dir='ltr'><strong>tres</strong></span> <span class='ocrx_word' id='word_1_183' title='bbox 433 3028 553 3117; x_wconf 88' lang='lat' dir='ltr'><strong>potius,</strong></span> <span class='ocrx_word' id='word_1_184' title='bbox 573 3028 669 3096; x_wconf 76' lang='lat' dir='ltr'><strong>hodie</strong></span> <span class='ocrx_word' id='word_1_185' title='bbox 690 3028 743 3094; x_wconf 86' lang='lat' dir='ltr'><strong>hio</strong></span> <span class='ocrx_word' id='word_1_186' title='bbox 764 3029 895 3096; x_wconf 64' lang='lat' dir='ltr'><strong>emtores.</strong></span> <span class='ocrx_word' id='word_1_187' title='bbox 938 3029 1030 3096; x_wconf 83' lang='lat' dir='ltr'><strong>Vale.</strong></span> 
     </span>
     <span class='ocr_line' id='line_1_26' title="bbox 152 3136 1246 3226; baseline 0 -22"><span class='ocrx_word' id='word_1_188' title='bbox 152 3136 249 3219; x_wconf 79' lang='lat' dir='ltr'><strong>Quod</strong></span> <span class='ocrx_word' id='word_1_189' title='bbox 271 3138 453 3225; x_wconf 87' lang='lat' dir='ltr'><strong>exemplum</strong></span> <span class='ocrx_word' id='word_1_190' title='bbox 474 3159 575 3226; x_wconf 90' lang='lat' dir='ltr'><strong>prope</strong></span> <span class='ocrx_word' id='word_1_191' title='bbox 596 3136 721 3204; x_wconf 82' lang='lat' dir='ltr'><strong>secedit</strong></span> <span class='ocrx_word' id='word_1_192' title='bbox 743 3137 784 3205; x_wconf 93' lang='lat' dir='ltr'><strong>ad</strong></span> <span class='ocrx_word' id='word_1_193' title='bbox 804 3145 979 3226; x_wconf 79' lang='lat' dir='ltr'><strong>cognatum</strong></span> <span class='ocrx_word' id='word_1_194' title='bbox 1000 3137 1135 3226; x_wconf 89' lang='lat' dir='ltr'><strong>optativi</strong></span> <span class='ocrx_word' id='word_1_195' title='bbox 1156 3159 1246 3225; x_wconf 86' lang='lat' dir='ltr'><strong>prae·</strong></span> 
     </span>
     <span class='ocr_line' id='line_1_27' title="bbox 150 3246 601 3335; baseline 0 -23"><span class='ocrx_word' id='word_1_196' title='bbox 150 3246 238 3312; x_wconf 88' lang='lat' dir='ltr'><strong>teriti</strong></span> <span class='ocrx_word' id='word_1_197' title='bbox 259 3267 362 3331; x_wconf 85' lang='lat' dir='ltr'><strong>usum,</strong></span> <span class='ocrx_word' id='word_1_198' title='bbox 384 3269 480 3335; x_wconf 87' lang='lat' dir='ltr'><strong>quem</strong></span> <span class='ocrx_word' id='word_1_199' title='bbox 500 3246 601 3313; x_wconf 87' lang='lat' dir='ltr'><strong>habes</strong></span> 
     </span>
     <span class='ocr_line' id='line_1_28' title="bbox 151 3353 321 3421; baseline -0.006 -1"><span class='ocrx_word' id='word_1_200' title='bbox 151 3353 237 3421; x_wconf 89' lang='lat' dir='ltr'><strong>Rud.</strong></span> <span class='ocrx_word' id='word_1_201' title='bbox 259 3358 321 3420; x_wconf 84' lang='lat'><strong>494</strong></span> 
     </span>
     <span class='ocr_line' id='line_1_29' title="bbox 213 3460 1081 3550; baseline -0.005 -22"><span class='ocrx_word' id='word_1_202' title='bbox 213 3461 348 3528; x_wconf 71' lang='lat' dir='ltr'><strong>Utinem</strong></span> <span class='ocrx_word' id='word_1_203' title='bbox 369 3470 414 3544; x_wconf 88' lang='lat' dir='ltr'><strong>tu,</strong></span> <span class='ocrx_word' id='word_1_204' title='bbox 436 3461 624 3550; x_wconf 86' lang='lat' dir='ltr'><strong>priusquam</strong></span> <span class='ocrx_word' id='word_1_205' title='bbox 645 3470 678 3527; x_wconf 86' lang='lat' dir='ltr'><strong>ta</strong></span> <span class='ocrx_word' id='word_1_206' title='bbox 699 3460 800 3528; x_wconf 80' lang='lat' dir='ltr'><strong>oeulis</strong></span> <span class='ocrx_word' id='word_1_207' title='bbox 822 3460 971 3528; x_wconf 67' lang='lat' dir='ltr'><strong>vidissem</strong></span> <span class='ocrx_word' id='word_1_208' title='bbox 990 3460 1081 3540; x_wconf 85' lang='lat' dir='ltr'><strong>meis,</strong></span> 
     </span>
     <span class='ocr_line' id='line_1_30' title="bbox 214 3567 848 3655; baseline 0 -21"><span class='ocrx_word' id='word_1_209' title='bbox 214 3568 302 3635; x_wconf 78' lang='lat' dir='ltr'><strong>Malo</strong></span> <span class='ocrx_word' id='word_1_210' title='bbox 323 3569 466 3636; x_wconf 80' lang='lat' dir='ltr'><strong>cruciatu</strong></span> <span class='ocrx_word' id='word_1_211' title='bbox 487 3571 522 3636; x_wconf 93' lang='lat' dir='ltr'><strong>in</strong></span> <span class='ocrx_word' id='word_1_212' title='bbox 543 3567 655 3636; x_wconf 76' lang='lat' dir='ltr'><strong>Sicilia</strong></span> <span class='ocrx_word' id='word_1_213' title='bbox 671 3570 848 3655; x_wconf 78' lang='lat' dir='ltr'><strong>perditores.</strong></span> 
     </span>
     <span class='ocr_line' id='line_1_31' title="bbox 152 3676 332 3766; baseline -0.028 -20"><span class='ocrx_word' id='word_1_214' title='bbox 152 3676 248 3766; x_wconf 76' lang='lat' dir='ltr'><strong>Capi.</strong></span> <span class='ocrx_word' id='word_1_215' title='bbox 272 3679 332 3742; x_wconf 82' lang='lat'><strong>537</strong></span> 
     </span>
     <span class='ocr_line' id='line_1_32' title="bbox 212 3782 1169 3875; baseline -0.006 -21"><span class='ocrx_word' id='word_1_216' title='bbox 212 3783 347 3854; x_wconf 69' lang='lat' dir='ltr'><strong>Utinem</strong></span> <span class='ocrx_word' id='word_1_217' title='bbox 369 3794 403 3851; x_wconf 89' lang='lat' dir='ltr'><strong>te</strong></span> <span class='ocrx_word' id='word_1_218' title='bbox 423 3785 456 3853; x_wconf 93' lang='lat' dir='ltr'><strong>di</strong></span> <span class='ocrx_word' id='word_1_219' title='bbox 478 3785 567 3875; x_wconf 89' lang='lat' dir='ltr'><strong>prius</strong></span> <span class='ocrx_word' id='word_1_220' title='bbox 583 3785 745 3873; x_wconf 71' lang='lat' dir='ltr'><strong>pedorem</strong></span> <span class='ocrx_word' id='word_1_221' title='bbox 765 3807 860 3874; x_wconf 88' lang='lat' dir='ltr'><strong>quam</strong></span> <span class='ocrx_word' id='word_1_222' title='bbox 882 3782 1006 3872; x_wconf 75' lang='lat' dir='ltr'><strong>periisti</strong></span> <span class='ocrx_word' id='word_1_223' title='bbox 1025 3804 1043 3847; x_wconf 88' lang='lat' dir='ltr'><strong>e</strong></span> <span class='ocrx_word' id='word_1_224' title='bbox 1064 3782 1169 3870; x_wconf 68' lang='lat' dir='ltr'><strong>patrie</strong></span> 
     </span>
     <span class='ocr_line' id='line_1_33' title="bbox 974 3901 1100 3957; baseline -0.008 0"><span class='ocrx_word' id='word_1_225' title='bbox 974 3901 1040 3957; x_wconf 87' lang='lat' dir='ltr'><strong>tua.</strong></span> <span class='ocrx_word' id='word_1_226' title='bbox 1062 3929 1100 3940; x_wconf 87' lang='lat'><strong>-</strong></span> 
     </span>
     <span class='ocr_line' id='line_1_34' title="bbox 150 4000 1076 4089; baseline -0.004 -19"><span class='ocrx_word' id='word_1_227' title='bbox 150 4001 240 4070; x_wconf 85' lang='lat' dir='ltr'><strong>Leve</strong></span> <span class='ocrx_word' id='word_1_228' title='bbox 261 4002 413 4069; x_wconf 89' lang='lat' dir='ltr'><strong>mendum</strong></span> <span class='ocrx_word' id='word_1_229' title='bbox 434 4001 602 4089; x_wconf 86' lang='lat' dir='ltr'><strong>irrepsisse</strong></span> <span class='ocrx_word' id='word_1_230' title='bbox 624 4001 753 4068; x_wconf 84' lang='lat' dir='ltr'><strong>videtur</strong></span> <span class='ocrx_word' id='word_1_231' title='bbox 774 4001 873 4066; x_wconf 89' lang='lat' dir='ltr'><strong>Poen.</strong></span> <span class='ocrx_word' id='word_1_232' title='bbox 895 4000 913 4065; x_wconf 94' lang='lat' dir='ltr'>I</span> <span class='ocrx_word' id='word_1_233' title='bbox 935 4006 963 4084; x_wconf 82' lang='lat'><strong>2,</strong></span> <span class='ocrx_word' id='word_1_234' title='bbox 988 4003 1047 4066; x_wconf 88' lang='grc'><strong>174</strong></span> <span class='ocrx_word' id='word_1_235' title='bbox 1069 4024 1076 4066; x_wconf 95' lang='lat'><strong>:</strong></span> 
     </span>
     <span class='ocr_line' id='line_1_35' title="bbox 213 4108 1244 4198; baseline -0.009 -19"><span class='ocrx_word' id='word_1_236' title='bbox 213 4111 323 4179; x_wconf 79' lang='lat' dir='ltr'><strong>Sicine</strong></span> <span class='ocrx_word' id='word_1_237' title='bbox 350 4135 413 4198; x_wconf 85' lang='lat' dir='ltr'><strong>ego</strong></span> <span class='ocrx_word' id='word_1_238' title='bbox 435 4120 468 4178; x_wconf 88' lang='lat' dir='ltr'><strong>te</strong></span> <span class='ocrx_word' id='word_1_239' title='bbox 496 4115 606 4178; x_wconf 71' lang='lat' dir='ltr'><strong>orares</strong></span> <span class='ocrx_word' id='word_1_240' title='bbox 621 4111 733 4197; x_wconf 81' lang='lat' dir='ltr'><strong>jussi?</strong></span> <span class='ocrx_word' id='word_1_241' title='bbox 755 4132 780 4176; x_wconf 92' lang='lat'><strong>::</strong></span> <span class='ocrx_word' id='word_1_242' title='bbox 804 4109 974 4190; x_wconf 74' lang='lat' dir='ltr'><strong>Quomodo</strong></span> <span class='ocrx_word' id='word_1_243' title='bbox 997 4131 1069 4197; x_wconf 77' lang='lat' dir='ltr'><strong>erpo</strong></span> <span class='ocrx_word' id='word_1_244' title='bbox 1089 4108 1194 4174; x_wconf 78' lang='lat' dir='ltr'><strong>orem!</strong></span> <span class='ocrx_word' id='word_1_245' title='bbox 1214 4130 1244 4172; x_wconf 77' lang='grc' dir='ltr'><strong>ιε</strong></span> 
     </span>
     <span class='ocr_line' id='line_1_36' title="bbox 991 4213 1134 4304; baseline -0.021 -22"><span class='ocrx_word' id='word_1_246' title='bbox 991 4213 1134 4304; x_wconf 78' lang='lat' dir='ltr'><strong>Rogas?</strong></span> 
     </span>
    </p>
   </div>
   <div class='ocr_carea' id='block_1_4' title="bbox 0 0 1481 4870">
    <p class='ocr_par' dir='ltr' id='par_1_4' title="bbox 0 0 1481 4870">
     <span class='ocr_line' id='line_1_37' title="bbox 0 0 1481 4870; baseline 0 0"><span class='ocrx_word' id='word_1_247' title='bbox 0 0 1481 4870; x_wconf 95' lang='lat' dir='ltr'><strong> </strong></span> 
     </span>
    </p>
   </div>
  </div>
 </body>
</html>
