2946 4870
241 363 278 426 1⁶

238 542 270 606 in
294 563 357 626 quo
378 549 415 606 ut
435 539 680 628 monosyllabon
701 561 748 604 ms
768 562 788 605 a
808 536 901 603 brevi
927 537 1055 624 syllaba
1080 536 1188 623 excipi
1217 536 1333 621 dicam,

236 669 302 713 non
322 657 431 714 movet
452 645 652 712 Lachmanni
672 645 706 710 in
727 644 856 711 Lucret.
877 668 909 732 p.
933 650 991 710 116
1012 645 1155 710 severius
1173 643 1333 731 judicium

232 755 303 840 jam
320 777 339 820 a
353 755 394 822 G.
410 755 598 820 Hermanno
619 755 720 820 latum
742 752 901 819 voeabula
921 752 1082 840 dactylica
1101 752 1245 818 trochaei
1259 753 1331 817 loco

236 862 270 929 in
301 882 398 928 versu
428 861 506 949 poni
533 861 691 936 vetantis:
724 861 775 925 cui
805 882 879 925 cum
912 859 988 924 olim
1017 860 1128 927 Fleck.
1160 859 1334 926 crediderit

238 967 337 1057 (Mus.
353 970 458 1036 Rhen.
473 968 558 1035 VIII
576 969 661 1053 223),
678 968 747 1054 jam
770 968 984 1034 Ritschelium
1006 967 1061 1053 (ib.
1077 991 1110 1055 p.
1128 971 1201 1052 159)
1223 967 1332 1057 potius

237 1086 380 1161 secutus,
413 1076 484 1164 qui,
512 1075 635 1163 aliquid
663 1075 732 1142 veri
753 1076 800 1141 illi
821 1075 1046 1143 observatione
1067 1076 1199 1142 subesse
1221 1097 1333 1142 conce-

236 1183 333 1268 dens,
366 1183 400 1249 in
429 1183 538 1250 multis
568 1193 677 1248 tamen
708 1173 867 1269 exemplis
897 1205 964 1248 non
999 1203 1070 1250 esse
1104 1182 1333 1253 offendendum

236 1285 378 1375 monuit,
410 1291 513 1379 primo
545 1299 671 1359 tantum
703 1289 781 1378 pedi
811 1291 1003 1378 dactylicam
1034 1312 1148 1358 vocem
1185 1278 1333 1358 ociosus

235 1401 281 1486 (v.
313 1398 451 1466 Vahleni
483 1397 631 1486 Oonject.
661 1398 702 1462 in
725 1397 819 1463 Varr.
853 1398 923 1465 Sat.
955 1398 1042 1464 Men.
1072 1422 1104 1485 p.
1135 1397 1210 1483 222)
1237 1423 1245 1464 :
1273 1396 1331 1463 sed

235 1505 403 1574 Ritschelii
424 1507 523 1594 ipsius
546 1528 583 1574 ea
604 1529 670 1572 non
689 1516 796 1592 potest
813 1527 883 1571 esse
897 1507 1065 1590 sententia,
1086 1505 1142 1595 qui
1155 1505 1243 1572 Pers.
1258 1505 1330 1570 487.

209 1664 216 1681 .
235 1618 305 1682 762.
330 1619 388 1682 769
411 1615 546 1698 eredere,
567 1617 702 1691 reddare,
721 1616 827 1700 ponite
847 1613 882 1678 in
903 1613 1057 1701 septimo,
1080 1617 1141 1680 753
1162 1613 1277 1680 aalma
1298 1622 1331 1678 et

234 1724 366 1790 boethus
393 1720 426 1788 in
454 1722 557 1810 primo
589 1733 621 1788 et
649 1722 744 1787 tertio
772 1721 856 1809 pede
885 1721 1021 1788 admisit.
1066 1719 1132 1788 Sed
1153 1731 1190 1786 ut
1211 1723 1330 1806 anaspia

233 1829 387 1896 tribrachi
407 1851 588 1895 mensuram
611 1850 794 1919 exaequare
817 1829 961 1912 credam,
988 1829 1066 1896 facit
1087 1830 1217 1895 collatio
1239 1852 1329 1917 prae-

233 1936 401 2025 positionis
422 1937 461 2001 ab
481 1937 515 2001 in
535 1936 673 2024 gemella
694 1937 924 2024 compositione
946 1949 1177 2004 consonantem
1200 1937 1329 2003 finalem

233 2043 459 2133 supprimentis
481 2044 580 2110 Most.
605 2051 664 2110 308
686 2045 745 2133 cipe
765 2048 910 2110 accumbe
930 2070 938 2110 :
960 2045 1049 2134 quod
1081 2068 1154 2111 cum
1182 2044 1329 2112 Ritsche-

233 2153 295 2218 lius
316 2175 382 2218 non
403 2153 585 2236 mutaverit,
608 2153 755 2218 conicere
775 2153 852 2219 licet
867 2152 964 2219 etiam
980 2151 1083 2222 Stich.
1102 2159 1161 2219 618
1184 2152 1330 2220 codicum

232 2259 432 2327 lectionem:
456 2261 508 2326 atti
533 2261 662 2326 cambes
685 2261 755 2347 jam
784 2260 814 2327 ei
839 2262 970 2348 probari
998 2272 1031 2327 et
1051 2261 1142 2327 Trin.
1166 2265 1227 2326 964
1248 2261 1330 2348 qued

232 2369 392 2454 accepisti,
415 2367 502 2457 quod
522 2392 717 2458 quamquam
736 2370 834 2434 bonito
850 2379 882 2435 et
895 2372 1007 2434 oceaho
1024 2369 1134 2434 similis
1148 2368 1328 2435 inconstan-

232 2477 297 2542 tiae
319 2475 474 2563 exemplis
503 2477 608 2543 allatis
631 2477 718 2543 Prol.
742 2476 832 2542 Trin.
854 2500 887 2564 p.
912 2482 972 2541 124
999 2477 1084 2542 ferre
1111 2478 1232 2560 noluit,
1263 2500 1328 2544 non

234 2583 349 2670 sperni.

293 2691 369 2758 Aul.
392 2691 477 2773 112,
500 2693 539 2758 55
562 2699 679 2773 autem,
702 2711 798 2778 quem
819 2690 894 2757 Par.
916 2699 1027 2756 tacens
1050 2692 1166 2759 dedit:

294 2798 340 2865 Et
359 2796 415 2866 ted
436 2807 510 2864 utar
531 2798 690 2886 iniquiore
711 2809 744 2865 et
762 2821 853 2864 meus
873 2799 945 2864 med
966 2800 1044 2866 ordo
1066 2799 1203 2866 inrideat
1224 2824 1232 2864 :

232 2908 364 2974 ablativi
387 2907 563 2996 simplicem
585 2909 726 2996 speciem
743 2908 813 2996 jam
834 2931 931 2996 supra
952 2905 1189 2991 revocavimus,
1217 2909 1327 2974 sedin

232 3015 550 3098 eadem‘accusativi,
581 3015 701 3105 quippe
723 3040 807 3105 quae
830 3040 849 3081 a
870 3018 969 3103 longa
990 3017 1115 3104 syllaba
1137 3017 1325 3106 excipiatur,

233 3123 431 3189 offendentes
451 3124 699 3211 transpositione
720 3124 826 3212 potius
848 3125 1062 3190 medeamur:

313 3201 358 3295 Elt
379 3239 505 3294 tenter
526 3230 684 3318 iniquiore
706 3241 738 3296 et
760 3232 810 3296 ms
827 3254 911 3296 meus
933 3231 1011 3296 ordo
1032 3228 1180 3297 inrideat.

232 3339 349 3426 Neque
376 3338 481 3403 minus
507 3336 690 3404 falsoPall.
713 3337 889 3426 capsace
912 3338 979 3424 (cui
1010 3340 1118 3404 versui
1149 3338 1203 3427 qui
1236 3359 1325 3426 prae-

231 3445 316 3514 cedit
346 3446 454 3512 nescio
486 3469 528 3521 an
561 3446 704 3532 ejusdem
736 3445 914 3513 sententiae
946 3447 1010 3513 alia
1039 3446 1163 3534 species
1192 3447 1246 3531 sit)
1280 3445 1325 3512 ita

232 3555 413 3623 exhibent:

272 3661 389 3750 Neque
410 3687 458 3727 me
474 3684 628 3750 umquem
643 3661 823 3727 deseruisse
845 3665 876 3728 te
891 3684 997 3750 neque
1011 3661 1105 3727 factis
1119 3665 1226 3750 neque
1240 3661 1324 3726 fide:

230 3767 286 3833 ubi
318 3769 347 3834 B
375 3768 508 3836 fallente
530 3769 686 3835 memoria
709 3769 836 3855 „Neque
856 3773 938 3834 med
957 3769 1117 3857 umqucm“
1141 3769 1325 3836 oblitterata

231 3873 360 3942 videtur
381 3875 500 3963 duplex
519 3878 668 3965 negatio,
700 3899 785 3965 quae
814 3877 942 3964 quidem
973 3888 1105 3965 augeat,
1135 3900 1200 3943 non
1231 3879 1325 3944 tollat

230 3983 296 4048 vim
324 3984 475 4070 negandi.
528 3985 645 4073 Itaque
673 3985 701 4052 si
728 4007 891 4072 :rumpam
912 3987 1107 4070 restitueris,
1129 4008 1147 4051 e
1177 3987 1324 4074 cognatis

231 4091 394 4179 exemplis,
421 4111 504 4179 quae
525 4091 720 4158 Ritschclius
741 4091 827 4158 Nor.
848 4091 933 4158 Mus.
955 4092 1005 4159 IV
1028 4095 1088 4158 582
1109 4091 1231 4179 teligit,
1252 4115 1323 4180 pro-

230 4199 317 4266 xime
349 4197 502 4267 accedent
535 4197 632 4286 Epid.
660 4199 710 4265 IV
733 4203 760 4283 l,
782 4202 801 4264 6
827 4221 835 4263 :
865 4223 980 4286 „aeque
1012 4221 1048 4264 ca
1080 4221 1165 4266 auae
1196 4199 1255 4266 udi
1282 4201 1325 4265 sa't
