2946 4870
1211 399 1246 461 ll

155 615 196 630 -
218 602 330 648 omues
351 581 405 648 vel
427 581 650 648 desiderantur
676 583 730 648 vel
750 582 817 668 legi
836 602 903 647 non
923 588 1058 668 possunt
1078 603 1087 644 ε
1108 578 1253 646 extitisse

157 697 266 754 autem
287 688 447 776 pleniores
468 689 629 756 nonnullis
651 689 730 755 locis
751 688 827 756 inde
849 687 1041 770 conicimus,
1064 689 1151 776 qnod
1170 696 1254 754 teste

157 793 340 882 Geppertio
362 793 442 880 (Die
455 798 593 884 Ausspr.
608 796 664 864 des
679 795 804 863 Latein.
824 797 869 862 im
889 797 993 862 iltern
1007 795 1130 862 Dromo
1150 817 1184 882 p.
1198 796 1252 874 37)

157 901 232 970 Ges.
253 903 272 968 I
292 909 311 968 2
332 925 447 972 revere
467 909 532 972 εἰπε
551 905 604 972 ted
622 905 740 972 arbitro
762 905 941 972 exhibetur.
976 903 1146 991 Nusquam
1163 921 1254 990 prae·

157 1020 246 1078 terea
276 1013 308 1078 D
336 1014 568 1100 paragogicum
598 1015 641 1081 ab
669 1014 783 1082 Ambr.
813 1013 964 1102 praeberi
991 1013 1077 1078 idem
1105 1010 1255 1093 affirmat,

156 1117 214 1186 sed
235 1118 411 1187 videndum
432 1131 482 1188 est
502 1143 581 1188 num
606 1122 641 1188 in
668 1145 707 1188 eo
728 1121 848 1190 serrati
874 1122 939 1187 sint
959 1121 1055 1209 pauci
1080 1120 1110 1186 ei
1132 1139 1254 1201 versus,

158 1226 277 1313 quibus
291 1227 321 1294 B
336 1228 369 1294 id
391 1237 501 1295 tenere
522 1230 557 1295 in
577 1229 719 1298 ablativo
742 1251 784 1295 ex
797 1229 894 1294 Parei
914 1229 967 1294 vel
987 1228 1171 1294 testimonio
1191 1226 1254 1311 vel,

159 1334 248 1420 quod
270 1333 480 1422 periculosius
500 1345 557 1418 est,
578 1360 621 1402 ex
641 1335 787 1424 ejusdem
808 1336 934 1402 silentio
957 1335 1152 1422 colligimns3
1179 1342 1256 1400 sunt

158 1439 205 1506 illi
225 1441 342 1528 Amph.
363 1445 434 1508 663.
467 1442 558 1509 Asin.
576 1445 646 1510 772.
681 1443 756 1512 cas.
777 1445 795 1510 I
816 1447 866 1510 55.
904 1442 1031 1530 Epidl
1058 1448 1084 1527 l,
1106 1448 1156 1508 42.
1188 1440 1255 1508 Sed

158 1547 234 1614 Aul.
249 1549 285 1614 H
306 1554 335 1631 2,
358 1552 397 1614 55
421 1549 484 1635 „m
502 1553 565 1615 ted
583 1563 654 1616 utar
673 1550 858 1638 iniquiore&
890 1549 1013 1616 Pereus
1030 1550 1071 1614 de
1091 1571 1149 1616 suo
1170 1548 1256 1616 vido-

158 1665 212 1721 tur
241 1654 395 1722 dedisse:
417 1677 514 1743 quam
539 1665 644 1741 reete,
675 1681 718 1724 ex
744 1657 789 1722 eis
818 1658 923 1724 elucet
951 1677 1034 1745 quse
1056 1655 1254 1722 Fleckeisen.
1337 1685 1345 1705 ·

159 1761 192 1826 in
213 1761 314 1828 Jehni
335 1764 453 1830 Annal.
474 1762 560 1829 LXI
579 1787 612 1851 p.
635 1769 674 1830 23
696 1764 736 1830 de
759 1786 908 1831 mensure
933 1763 1167 1832 terminationis
1193 1762 1256 1850 pri-
1368 1802 1376 1819 ·

158 1891 230 1936 mee
251 1891 409 1956 personae
429 1870 549 1958 passivi
568 1869 686 1938 docuit.
730 1871 815 1938 Tum
838 1869 911 1938 Ces.
934 1871 1027 1954 115,
1048 1877 1083 1955 3,
1104 1871 1161 1938 nbi
1182 1893 1255 1937 curn

200 1994 268 2062 Ere
288 2015 385 2082 quam
406 2000 502 2062 istam
523 2019 654 2084 operam
675 2020 695 2063 a
716 2001 784 2063 med
801 2003 955 2087 impetres
969 1997 1056 2085 quod
1070 1999 1214 2085 postules

159 2118 281 2184 Parcus
311 2120 455 2188 scribens
481 2121 516 2186 in
541 2123 571 2187 B
592 2147 639 2188 mc
667 2145 737 2188 esse
762 2132 913 2201 testetur,
942 2123 1057 2209 reliqui
1083 2121 1165 2189 Pell.
1187 2123 1258 2188 med

160 2226 316 2312 praebere
336 2227 496 2306 videntur,
520 2230 752 2296 emendemus:

188 2442 191 2448 Ι
221 2349 299 2428 Era,
322 2375 419 2440 quam
440 2357 519 2418 istac
541 2377 641 2442 opero
662 2377 681 2420 e
702 2351 750 2421 me
770 2343 924 2443 im'petres
946 2355 1033 2445 quod
1053 2354 1204 2443 postulas.

162 2475 277 2561 (opera
304 2477 402 2544 ctiam
429 2477 459 2543 B
487 2479 611 2564 hebet).
653 2479 708 2545 Ex
735 2479 935 2546 Fleckeiseni
962 2479 1185 2548 emendatione
1206 2503 1256 2546 ac-

160 2594 328 2649 cesserunt·
345 2583 466 2672 Amph.
492 2591 582 2654 1038.

202 2714 291 2796 Quid
312 2736 394 2801 opus
415 2723 464 2780 eat
484 2711 554 2780 med
574 2711 742 2796 advocato,
765 2717 822 2801 qui
843 2714 980 2780 mentri
1001 2715 1061 2780 sim
1084 2714 1214 2780 nescio:

131 2829 134 2834 ¹
161 2838 218 2904 sed
237 2839 321 2906 bene
341 2861 376 2904 se
398 2838 496 2905 hebet
518 2836 611 2902 codd
633 2838 729 2903 lectio
751 2862 759 2901 ε

224 2945 313 3027 Quid
334 2956 430 3033 opust
450 2969 496 3013 me
516 2945 682 3030 advocato,
703 2945 760 3032 qui
781 2944 864 3032 [prin
885 2943 925 3032 B]
946 2945 1011 3010 utri
1031 2944 1091 3008 sim
1112 2943 1208 3010 edve-

808 3062 899 3118 ectus
919 3051 1037 3119 nescio.

161 3160 244 3228 Cum
264 3161 369 3226 Pareo
389 3157 475 3226 idem
495 3169 611 3226 eontra
632 3158 724 3226 codd
746 3159 834 3226 dedit
856 3160 974 3248 Amph.
996 3164 1057 3228 812
1079 3186 1087 3225 :

243 3258 397 3336 O'bsecro
418 3272 553 3352 ecastor,
575 3271 632 3334 cdr
652 3267 735 3334 istuc
755 3273 801 3333 mi
822 3267 880 3352 vir,
903 3291 944 3334 ex
965 3272 1014 3334 ted
1032 3267 1157 3334 audio?
1178 3292 1186 3333 ι

162 3377 429 3465 quemadmodum
452 3376 548 3466 Epid.
570 3377 591 3442 l.
613 3401 639 3442 e.
661 3377 736 3442 Per.
756 3387 868 3443 tacens
889 3376 930 3442 (le
949 3376 1068 3443 libris:

222 3485 275 3549 De
296 3484 417 3571 praede
444 3488 620 3552 mercatust
640 3509 663 3550 :r
685 3484 772 3566 Quid
793 3506 856 3572 ego
885 3507 926 3550 ex
952 3484 1005 3550 ted
1025 3482 1149 3548 uddio‘?
1171 3505 1195 3548 z:

808 3591 906 3673 Quod
925 3591 1062 3657 fabulor.

161 3697 303 3784 Utrique
327 3699 398 3764 loco
427 3699 552 3764 medela
580 3699 687 3765 afferri
715 3699 816 3787 possit
841 3700 939 3765 otiam
965 3696 1151 3784 reponendo
1173 3721 1256 3764 eom-

159 3807 267 3894 poeito
296 3807 437 3888 chondris,
467 3807 553 3892 qnod
580 3807 633 3872 vel
659 3808 690 3873 A
718 3805 916 3874 oblitteravit
935 3805 1005 3872 Mil.
1028 3811 1103 3887 211,
1131 3807 1200 3890 vel,
1230 3806 1256 3872 si

160 3915 364 4002 praeplacet,
392 3915 543 3980 indaudio
574 3916 620 3998 (v.
650 3914 852 3980 Fleckeiseni
877 3913 997 3980 Exere.
1026 3913 1130 3980 Plsut
1162 3913 1255 3982 Gott.

164 4029 243 4090 1842
263 4046 294 4110 p.
316 4023 380 4107 44).
423 4021 573 4108 Denique
594 4021 785 4090 Fleckeisen
806 4022 893 4089 Rnd.
916 4024 976 4088 783
998 4025 1087 4110 (nem
1108 4028 1168 4090 528
1185 4024 1255 4109 jam

161 4130 362 4215 retractavit)
385 4127 538 4218 scripsit:

236 4238 329 4306 Mede
350 4238 479 4326 quidem
499 4239 551 4305 ted
570 4237 673 4304 invito
694 4238 728 4304 et
748 4236 876 4306 Venere
898 4245 931 4304 et
951 4241 1075 4304 summo
1096 4239 1193 4307 Jove.
