2946 4870
248 381 288 444 58

309 555 366 626 Sic
386 555 471 624 enim
492 557 608 625 dicere
630 605 638 625 .
661 605 669 624 .
691 546 700 623 .’

308 665 399 750 (179)
423 658 551 733 O'mnia
564 665 627 749 illa,
650 665 733 754 quie
747 663 876 732 dicebas
890 662 947 732 tut
960 665 1039 741 esse,
1052 667 1247 732 memorarer
1267 687 1363 730 mea.

246 771 391 862 corrigit
419 797 454 840 sc
481 771 611 862 quidem
637 771 754 838 deinde
776 793 888 838 servus
910 772 1009 838 etita
1029 779 1116 856 orat,
1141 781 1260 838 utero
1284 772 1362 860 pla·

247 903 321 948 cere
343 889 452 970 putet,
475 881 532 948 sed
553 903 594 946 ex
615 902 671 964 eo,
697 879 784 969 quod
804 879 831 944 is
852 879 930 946 dicit
949 880 1064 946 atero
1086 927 1093 945 .
1116 925 1124 944 .
1146 902 1359 963 memorares,

246 999 382 1078 apparet
411 1011 477 1055 non
505 988 690 1056 desiderare
721 1010 794 1054 cum
827 988 1038 1075 palinodiam,
1070 987 1126 1053 sed
1157 987 1357 1074 vituperare

246 1107 371 1165 tantum
393 1119 493 1186 prave
514 1105 589 1162 ente
610 1095 703 1163 dicte
755 1095 905 1163 Scribere
931 1094 1032 1183 igitur
1058 1095 1239 1183 praestabit
1265 1095 1357 1174 Quo-

245 1205 337 1272 modo
359 1227 414 1292 eqo
435 1208 584 1270 orarem?

326 1309 381 1376 Ex
402 1311 556 1376 Terentio
578 1309 657 1376 locis
678 1332 697 1374 a
718 1309 869 1398 Zumptio
891 1318 924 1376 et
937 1308 1104 1397 Madvigio
1125 1309 1232 1376 citatis
1253 1335 1353 1378 acea

246 1417 466 1486 dnntHceut.
489 1417 593 1500 1112,
615 1422 683 1482 21:

762 1522 850 1604 Quid
864 1523 1010 1608 formet?
1030 1546 1057 1589 :z
1079 1523 1221 1612 Rogas?

308 1634 443 1724 Aliquid
464 1633 623 1720 repen'rct,
637 1635 775 1718 ftnqerct
794 1630 938 1698 fellecies
961 1680 968 1698 .
991 1680 1029 1697 ..

309 1792 317 1809 .
340 1793 348 1810 .
371 1742 463 1809 Haec
482 1743 568 1809 facta
589 1742 630 1807 ab
651 1741 707 1806 sslo
730 1741 910 1826 oportebat.

244 1849 376 1916 Phorm.
386 1850 421 1916 H
433 1855 459 1932 1,
476 1854 515 1914 69
530 1849 606 1915 Non
621 1847 716 1932 redo,
729 1869 837 1915 rerum
853 1849 1023 1936 argentum
1038 1847 1149 1913 deerat
1164 1869 1189 1912 ::
1206 1846 1349 1914 &imeres

343 1955 505 2022 Alicunde

244 2064 375 2131 Phorm.
397 2064 451 2132 ΙΠ
475 2069 501 2146 1,
523 2069 572 2128 4:

285 2172 372 2239 Nem
393 2175 429 2238 ut
449 2181 486 2238 ut
506 2179 599 2238 erant
619 2169 691 2249 alie,
713 2170 761 2236 ssli
782 2177 885 2248 certe,
911 2171 996 2257 quae
1024 2189 1110 2234 nunc
1130 2167 1190 2262 tibi
1211 2167 1344 2253 domist,

1013 2277 1195 2342 consuleres.

245 2388 455 2478 Consequens
476 2396 525 2454 est
547 2398 655 2454 autem
676 2385 827 2474 propriae
848 2384 894 2450 illi
916 2384 1113 2472 conjunflivi
1129 2393 1274 2471 natiuae,
1296 2394 1341 2468 ut,

245 2498 272 2560 si
300 2497 334 2560 in
360 2494 485 2583 periodi
514 2494 744 2561 condicionalis
774 2493 906 2581 epodosi
931 2492 1053 2580 positus
1080 2493 1140 2576 sit,
1173 2492 1341 2559 sumtionis

244 2600 357 2668 modus
378 2603 419 2668 ab
440 2624 479 2668 eo
501 2623 565 2666 non
588 2601 757 2666 afficiatur.
800 2601 903 2666 Recte
923 2599 1022 2688 igitur
1036 2599 1232 2666 Ritschelius
1252 2601 1338 2679 fecit,

244 2708 331 2798 quod
352 2731 418 2776 non
440 2707 626 2776 sollicitavit
647 2707 748 2774 Mero.
771 2711 831 2772 636
852 2729 860 2770 :
964 2721 966 2724 ·

306 2818 394 2900 Quid
422 2841 483 2906 ego
504 2815 676 2904 sacrem?
696 2840 722 2884 t:
751 2815 839 2897 Quid
867 2824 904 2881 tu
923 2815 1078 2902 faceres?
1109 2819 1184 2882 men
1210 2817 1337 2905 rogas?

1041 2925 1236 3011 rcqariercrcr

306 3035 471 3122 quc'tarea
493 3034 565 3122 quis
586 3035 673 3100 essct
693 3043 750 3100 aut
770 3033 855 3100 unde
876 3035 962 3098 esset
982 3079 990 3096 .
1013 3081 1020 3096 .
1043 3079 1051 3096 .

306 3130 382 3206 U'bi
403 3140 572 3221 habitaret,
593 3145 743 3206 invenires
765 3141 888 3219 siltem,
909 3161 1027 3204 nomen
1048 3137 1075 3204 si
1096 3141 1250 3226 nequiit:

305 3247 411 3314 Nemo
434 3247 543 3312 ciebat
564 3250 646 3310 scire
668 3268 693 3309 ::
721 3246 769 3310 At
790 3247 904 3311 saltem
931 3246 1076 3312 homines
1099 3246 1215 3313 faciem
1235 3253 1338 3333 ecqui-

1177 3379 1268 3420 rores.

243 3465 308 3531 Pro
329 3487 368 3530 eo
390 3461 476 3552 quod
505 3470 555 3527 est
574 3461 682 3547 nequis
702 3469 829 3548 tempus
852 3461 1061 3548 praeteritum
1088 3472 1259 3550 exspectas
1278 3487 1286 3527 ι
1305 3471 1338 3528 et

244 3581 370 3638 constet
402 3570 441 3637 dc
478 3568 628 3636 liberiore
659 3591 719 3634 usu
748 3569 944 3657 praesentis,
968 3568 1042 3658 qni,
1076 3591 1149 3636 cum
1179 3571 1211 3636 in
1241 3570 1336 3637 titulis

244 3679 480 3767 antiquioribus
509 3686 638 3766 regnet,
666 3699 708 3742 ne
737 3701 757 3746 a
785 3679 889 3767 poetis
910 3678 1040 3765 quidem
1061 3679 1235 3747 serioribus
1257 3701 1336 3766 sper-

243 3787 331 3849 nitur
361 3787 405 3870 (v.
434 3786 580 3873 Madvig.
604 3785 724 3874 Opuse.
747 3786 765 3851 I
787 3793 848 3852 224
868 3787 954 3876 sq.),
986 3787 1104 3853 Plauto
1136 3796 1244 3854 eutem
1274 3796 1334 3852 tam

243 3890 410 3958 familiaris
433 3903 492 3976 est,
513 3904 549 3960 ut
571 3895 605 3960 in
626 3894 789 3982 primariis
811 3902 843 3960 ct
868 3894 1066 3964 secundariis
1082 3895 1254 3964 enuntiatis
1268 3918 1337 3990 pro-v

244 3997 364 4064 miscue
386 4019 458 4063 eum
480 3999 541 4067 sibi
562 4000 730 4068 concedat.

244 4104 401 4174 Nostrum
420 4108 556 4173 verbum
576 4107 623 4174 ita
643 4108 742 4176 habes
764 4106 865 4176 Stich.
888 4112 948 4176 564
970 4133 978 4175 ε
