2946 4870
1200 419 1240 482 55

144 595 256 676 dieunt,
277 594 343 660 uiso
362 593 425 658 ullo
446 589 635 656 dubitatione
655 589 837 656 orederodum
860 595 900 656 eit
916 617 929 657 .·
948 591 1040 659 Suluo
1059 594 1132 680 ipso
1152 597 1238 662 suno·

144 703 270 769 oeutu'ou
290 702 425 767 virorum
433 697 574 785 sortitore
594 698 674 764 tueri
692 719 753 764 nou
770 710 883 783 potem
902 699 953 764 siu
974 712 1070 766 eutem
1091 705 1123 768 iu
1144 705 1236 770 robus

132 810 306 900 yiodioaodrt
326 831 385 874 uou
405 811 554 872 minimam
572 817 696 891 portem
716 804 763 870 od
782 829 1028 894 unamquamque
1048 830 1110 874 rem
1132 810 1236 876 exista

140 916 288 983 moedau
309 927 509 1001 momentoque
524 936 576 978 suo
593 914 824 996 ponderandum
837 917 1010 998 summum
1023 916 1138 1002 judicu
1158 940 1169 982 r
1188 939 1236 982 ue

139 1025 232 1106 multo
252 1037 365 1092 outae
386 1024 517 1112 majoros
535 1021 756 1110 praetoresque
770 1033 879 1106 portes
895 1027 957 1087 aiut
974 1022 1019 1087 ud
1033 1023 1234 1112 copulandum

138 1155 235 1218 quom
256 1131 479 1198 addicendum
499 1128 605 1194 meue“
627 1153 634 1194 :
656 1127 712 1194 nbi
733 1149 805 1192 cum
825 1125 937 1194 Fleck.
958 1140 1032 1216 post
1043 1131 1167 1218 pudieus
1187 1129 1233 1196 in-

139 1238 275 1304 seruerit
295 1241 394 1304 volare
416 1241 590 1302 animaene
611 1260 621 1301 .·
641 1235 739 1301 vidue
762 1261 770 1302 r
800 1245 915 1302 neutro
938 1258 1018 1324 opus
1039 1259 1110 1303 esse
1130 1237 1234 1304 videri

138 1345 257 1433 possit,
289 1367 361 1410 nam
382 1344 417 1408 in
438 1345 541 1409 altera
562 1343 733 1430 hypothesi
754 1342 848 1409 facile
869 1354 976 1410 mente
998 1355 1127 1432 repetas
1149 1346 1234 1412 olau-

139 1455 243 1519 sulam
263 1451 375 1540 prioris
397 1473 481 1538 ,esse
502 1450 702 1516 eminati?
726 1485 766 1498 -
797 1459 829 1516 et
849 1449 896 1516 ita
917 1450 1065 1516 Halmius
1087 1452 1121 1518 in
1143 1450 1235 1519 Orol-

138 1559 225 1627 liana
245 1560 281 1626 Π
297 1558 456 1648 judicavit
475 1581 533 1640 -3
560 1557 660 1622 uidete
682 1566 788 1622 autem
812 1558 897 1641 sive,
921 1557 1008 1645 quod
1030 1559 1116 1625 idem
1138 1569 1233 1642 esset,

136 1689 243 1733 uereor
268 1687 367 1754 aegro
392 1662 660 1748 desideraverim,
703 1687 779 1730 nam
806 1687 1002 1755 quamquam
1031 1665 1151 1733 Graeci
1178 1661 1234 1753 μή,

137 1774 237 1841 verbo
260 1773 388 1861 regenti
407 1795 473 1840 non
494 1772 619 1855 addito,
646 1771 692 1838 ita
712 1782 853 1859 ponunt,
880 1783 1002 1840 utnon
1024 1784 1091 1839 tam
1113 1784 1234 1840 motum

137 1903 235 1971 quam
274 1880 462 1947 modestiam
504 1880 595 1966 ejus,
649 1877 704 1967 qui
747 1878 870 1967 aliquid
911 1880 1068 1963 affirmat,
1115 1881 1234 1949 indicet

137 1992 183 2075 (v.
206 1986 352 2076 exempla
374 1989 458 2075 apud
479 1987 622 2075 Krtiger.
645 1986 704 2054 Gr.
727 1991 747 2070 ἓ
769 1993 825 2071 54,
860 1993 889 2071 8,
913 1989 976 2074 13),
997 1997 1106 2055 tamen
1127 2013 1234 2079 panea

138 2097 288 2183 exempla
320 2102 431 2161 nostra
465 2094 566 2160 latina
605 2093 706 2181 priori
748 2116 868 2182 genere
903 2097 1232 2184 comprehenduntur.

136 2203 254 2291 Itaque
282 2203 379 2268 etiam
414 2199 489 2268 Son.
517 2202 558 2268 de
584 2201 730 2269 benef.I
755 2209 792 2267 14
813 2212 895 2270 extr.
960 2205 1090 2289 „Quare
1111 2207 1145 2271 si
1162 2207 1234 2293 quio

137 2316 288 2376 unstruot
308 2332 462 2394 noehmuu
474 2313 531 2375 isto
542 2310 764 2396 praecipimus,
789 2311 1067 2400 beuipuitutiefluos
1086 2315 1235 2379 inomaus

135 2418 252 2503 trifera
275 2431 302 2483 et
322 2418 374 2483 ulli
391 2422 488 2484 murus
515 2419 619 2484 losum
649 2419 777 2484 limitem
803 2419 930 2504 operire
961 2445 972 2484 .·
1001 2444 1047 2484 ue
1061 2443 1261 2506 perperam.

135 2527 311 2594 monitiones
331 2538 450 2593 uestros
464 2527 626 2592 ernudit‘
650 2527 758 2614 potius
772 2525 964 2614 particulam
978 2527 1234 2594 confirmativam

135 2635 262 2723 adjecto
282 2635 470 2721 pronomine
496 2634 679 2719 fulciamus,
709 2658 807 2724 quam
827 2636 1068 2723 conjunctivum
1089 2639 1235 2701 euoudsut

136 2765 209 2808 eum
234 2742 388 2808 Fickerto
423 2765 443 2808 a
469 2743 622 2829 negativa
653 2741 900 2830 suspendamus.
962 2742 1066 2809 Raeto
1093 2742 1233 2830 donique

136 2851 258 2938 sprevit
278 2849 438 2933 Handius,
460 2851 516 2938 qui
537 2851 572 2916 in
586 2849 766 2917 Tursallino
788 2849 875 2914 hune
896 2871 990 2916 usum
1011 2848 1232 2937 praetervidit,

136 2957 294 3024 rationem
316 2957 406 3045 ejus,
433 2958 490 3044 qui
519 2954 610 3023 Caes.
633 2958 672 3022 B.
693 2956 736 3024 G.
761 2957 830 3023 VH
851 2960 901 3024 35.
923 2963 974 3023 43.
997 2957 1035 3023 Β.
1057 2955 1095 3023 0.
1118 2957 1136 3022 I
1158 2962 1177 3024 8
1201 2958 1234 3022 in

136 3064 311 3133 enuntiatis
349 3073 460 3152 aperte
493 3064 660 3131 eonsilium
694 3064 909 3132 indicantibus
936 3065 1051 3132 ueritus
1081 3064 1234 3132 omissum

136 3195 207 3241 esse
227 3175 349 3240 statuit.
372 3209 412 3220 -
434 3172 585 3240 Plautina
606 3183 713 3239 autern
735 3173 884 3259 exempla
905 3182 980 3239 sunt
1001 3198 1008 3240 :
1037 3173 1140 3242 Stich.
1163 3179 1233 3239 600.

136 3283 313 3370 Postquam
353 3280 540 3367 Pamphilus
581 3281 760 3369 parasitum
796 3301 852 3368 spo
888 3303 986 3347 conae
1021 3282 1235 3348 frustraturas

135 3391 240 3479 ipsum
258 3391 345 3456 foras
366 3388 570 3477 promisisse,
598 3399 645 3474 et,
673 3389 702 3456 si
722 3388 808 3456 domi
831 3389 892 3456 sibi
914 3390 1010 3479 coqui
1027 3389 1152 3476 jubeat,
1175 3386 1235 3452 soli

137 3499 197 3566 sibi
219 3497 399 3564 cenandum
420 3519 490 3564 asse
511 3495 604 3579 dixit,
627 3495 810 3565 Gelasimus
832 3519 840 3560 :

178 3604 253 3671 Non
268 3605 352 3672 onim
367 3605 454 3672 solus
469 3629 477 3672 ε
492 3607 544 3672 me
564 3613 681 3670 vocato
704 3626 728 3669 τε
750 3604 801 3670 Ρα
821 3626 829 3667 :
851 3595 906 3669 A't
926 3601 978 3668 ills
996 3625 1035 3668 ue
1048 3602 1234 3686 susoiuuot,

176 3704 252 3781 Met
274 3712 330 3801 qui
351 3735 448 3780 oausa
469 3716 632 3800 sumptum
652 3711 736 3778 feeit

134 3821 234 3888 Most.
257 3825 317 3886 922

175 3928 240 3995 Vel
261 3925 339 3994 mihi
360 3925 570 3994 denumertto
593 3949 601 3992 :
623 3948 685 4014 ego
706 3925 754 3991 illi
775 3928 872 4012 porro
897 3924 1149 3992 denumsrovero
1171 3946 1193 3988 ::

176 4027 231 4102 'At
252 4035 338 4102 enim
357 4059 395 4102 ue
414 4034 493 4122 quid
511 4037 643 4120 oupuoui
661 4033 743 4099 milui
760 4032 812 4115 ait,
833 4031 860 4096 si
883 4029 1026 4097 dederim
1048 4028 1117 4099 tibi.

135 4165 231 4233 quem
252 4143 358 4210 locum
380 4143 425 4210 ita
446 4141 593 4210 distinxit
613 4139 761 4224 Bothius,
791 4139 884 4229 quasi
906 4148 1052 4205 moneret
1074 4161 1148 4205 erus
1170 4161 1233 4205 ser

134 4273 231 4336 vum,
260 4274 303 4318 ne
332 4251 433 4318 verba
464 4249 525 4317 sibi
557 4250 648 4318 daret
670 4273 677 4316 :
699 4249 786 4336 quod
812 4248 840 4314 si
870 4247 1023 4314 voluisset
1049 4245 1233 4333 significare
