2946 4870
1237 388 1256 444 e

153 580 220 628 non
240 583 402 650 assequor,
424 561 587 650 quomodo
609 561 735 649 Boppio
758 561 799 628 V.
814 559 898 628 erl
919 563 990 644 346,
1012 562 1103 648 cujus
1125 569 1251 626 senten·

154 668 232 736 bam
252 691 319 737 non
339 669 501 757 improbat
523 667 705 736 Schweiaer
726 669 760 734 in
781 668 894 736 Kubni
913 667 1039 736 Ztachr.
1054 670 1077 734 f.
1092 667 1160 754 vgl.
1177 665 1251 754 Spr.

154 777 234 847 wisa.
256 777 408 861 111205,
436 786 587 845 neutrum
612 776 809 865 pronominis
837 776 991 864 potestati
1017 775 1151 842 ablativi
1173 775 1255 840 indi·

101 938 107 946 .
155 884 277 952 candae
306 884 461 952 inservire
487 883 590 950 videri
618 885 768 972 potuerit.
813 882 879 950 Sed
900 905 1128 970 quamcunque
1156 883 1254 969 origi-

155 1013 230 1058 nem
258 990 494 1058 terminationis
522 1013 593 1058 esse
619 992 788 1058 statuimus
808 1025 851 1038 --
871 991 969 1058 statui
990 999 1098 1056 autem
1118 998 1255 1078 possunt

155 1099 226 1186 peri
247 1097 483 1185 probabilitatis
509 1099 579 1164 sive
597 1098 878 1186 improbabilitatis
898 1099 1007 1186 specie
1027 1107 1158 1184 practer
1178 1096 1252 1163 illas

155 1207 392 1272 nonnullae-
413 1228 422 1270 ε
442 1206 584 1272 ablativo
615 1206 807 1273 destinatam
836 1227 908 1272 eam
934 1206 1034 1274 fluisse
1055 1215 1089 1272 et
1109 1205 1255 1272 substan·

155 1313 296 1380 tiv-orum
324 1322 357 1378 et
384 1312 618 1400 adjectivorum
645 1321 680 1378 et
697 1313 924 1401 pronominum
943 1313 998 1377 val
1026 1335 1068 1379 cx
1090 1334 1255 1402 compara-

155 1418 243 1486 tione
276 1421 462 1506 linguarum
488 1431 700 1506 cognatarum
727 1420 782 1486 vel
814 1441 857 1486 cx
885 1421 1043 1486 sermonis
1071 1421 1164 1487 latini
1192 1442 1253 1486 usu

156 1526 269 1613 colligi
287 1549 384 1615 posse
403 1528 474 1592 sine
501 1527 722 1594 controversie
743 1527 940 1609 diceremus,
968 1525 1029 1593 nisi
1050 1535 1179 1614 practer
1199 1528 1254 1593 ab·

155 1633 289 1701 lativum
316 1634 544 1721 pronominum
572 1634 694 1720 primae
722 1643 755 1700 et
775 1635 935 1702 secundae
956 1655 1113 1720 personae
1134 1637 1202 1700 med
1222 1644 1255 1698 et

154 1744 203 1810 ted
221 1741 256 1808 in
277 1741 464 1810 accusativo
486 1765 617 1832 quoque
636 1744 744 1810 locum
765 1743 914 1810 babuisse
940 1744 992 1808 vel
1013 1743 1180 1810 titulorum
1201 1743 1254 1808 sli-

156 1857 235 1937 quot
256 1849 337 1916 fides
357 1850 410 1916 vel
439 1849 723 1936 grammaticorum
753 1849 928 1918 auctoritas
955 1851 1012 1915 val·
1029 1849 1254 1916 Plautinorum

155 1957 302 2024 codicum
329 1956 485 2024 memoria
513 1957 647 2044 agnosci
668 1957 808 2044 juberet
852 1955 919 2024 Sed
940 1958 1129 2046 priusquam
1148 1957 1254 2024 tribus

154 2064 204 2130 his
233 2063 367 2137 ducibus
397 2066 550 2134 nimirum
582 2065 647 2132 hsu
673 2065 863 2153 spernendis
892 2064 1048 2132 tradimus
1075 2088 1135 2133 nos
1163 2066 1254 2132 obse·

154 2173 284 2260 quiores
305 2173 510 2260 pedisequos,
532 2172 610 2260 quid
630 2173 714 2239 ratio
736 2172 847 2239 vineat
865 2172 1041 2240 videamus.

236 2285 265 2346 2.
301 2280 413 2368 Atque
441 2279 483 2346 ad
503 2281 536 2344 D
566 2280 840 2368 ,paropopr'cum“,
868 2289 905 2346 ut
925 2279 1090 2346 veteribus
1111 2303 1131 2346 a
1151 2278 1252 2360 Quin-

153 2386 265 2454 tiliano
288 2387 376 2471 (17,
402 2388 454 2474 12)
483 2389 685 2456 inde-visum
711 2399 776 2472 est,
804 2388 908 2475 ,quod
935 2389 1050 2454 scebet
1077 2389 1254 2454 s'rrcmeuat

152 2505 278 2578 ueteres,
306 2519 358 2578 aa,
387 2497 422 2560 as'
445 2509 659 2562 emmarrerent
686 2495 883 2562 diversantes
909 2519 1016 2562 uocum
1034 2497 1175 2578 uocales,
1203 2497 1252 2562 vel

152 2604 374 2689 synaloepham
408 2608 620 2670 comburerent
657 2604 707 2669 vel
739 2603 877 2669 baiulum-⁴
918 2603 1069 2686 (Vossius
1105 2604 1145 2670 de
1180 2614 1250 2670 arte

152 2733 288 2797 gramm.
310 2711 347 2776 H
371 2712 435 2796 14),
463 2711 519 2778 vix
540 2713 602 2778 erit
622 2711 719 2780 bodie
746 2712 802 2799 qui
829 2735 903 2778 cum
930 2711 1064 2779 Osanna
1091 2711 1132 2778 de
1157 2733 1248 2799 pron.

85 2815 88 2822 ’
152 2816 196 2884 IS
222 2842 255 2905 p.
278 2823 318 2882 20
340 2841 410 2906 sqq.
439 2841 608 2886 recurrere
640 2818 728 2884 velit.
784 2818 987 2884 Excusantes
1015 2819 1123 2905 potius
1151 2839 1249 2907 quam

152 2924 376 3008 defendentes,
406 2947 487 3012 ques
507 2946 673 2991 removere
694 2925 851 2991 nolebant
875 2925 1011 3009 formas,
1041 2935 1139 3013 atque
1159 2927 1250 2992 vario

151 3033 249 3098 modo
276 3041 468 3098 excusantes
496 3034 623 3121 repperi
651 3031 739 3099 Max„
763 3030 977 3101 Schmidtium
1007 3033 1186 3102 Commeat.
1208 3035 1250 3100 de

151 3163 242 3228 pron
257 3161 307 3227 gr.
323 3149 356 3206 et
376 3141 432 3206 lat.
447 3162 477 3227 p.
493 3144 532 3206 85
556 3150 589 3206 ct
605 3128 819 3208 Ritscbelium
836 3139 920 3207 Mus.
942 3141 1046 3208 Rhea.
1068 3141 1156 3209 VIII
1182 3145 1248 3209 157.

151 3247 212 3314 Ille
233 3249 319 3314 enim
340 3248 555 3335 patrocinium
576 3273 596 3316 a
616 3249 746 3320 fallente
760 3249 937 3318 formarum
952 3249 1160 3318 similitudine
1182 3272 1251 3316 sus-

154 3353 247 3444 cipit;
273 3380 348 3424 nam
376 3368 550 3446 postquam
578 3357 655 3424 elisa
681 3380 825 3424 consona
850 3359 940 3424 finali
961 3359 1122 3426 ablativus
1144 3357 1250 3444 specie

153 3475 312 3552 aequatus
339 3466 436 3533 fuerit
462 3465 664 3550 accusativo,
692 3466 789 3533 facile
816 3467 887 3533 lieri
916 3455 1060 3553 potuisse
1087 3476 1124 3530 ut
1150 3466 1249 3530 etiam

152 3572 294 3658 priscam
313 3573 451 3640 formam
472 3573 650 3660 pleniorem
670 3595 729 3661 per
747 3595 891 3640 errorem
912 3574 946 3638 in
967 3582 1118 3660 quartum
1138 3593 1248 3638 casum

153 3678 387 3745 transtulerint.
431 3679 497 3748 Sed
518 3705 592 3747 cum
612 3681 809 3769 procedente
822 3689 966 3767 tempore
979 3679 1139 3768 pleniores
1152 3700 1249 3746 voces

153 3784 260 3874 potius
281 3786 482 3871 decrescere,
512 3810 610 3876 quam
630 3789 732 3856 exiles
752 3787 951 3854 incremento
979 3787 1092 3874 augeri
1115 3788 1247 3872 soleant,

152 3905 221 3962 tum
247 3893 491 3960 intermortuam
517 3896 654 3964 formam
675 3898 709 3962 in
730 3917 862 3984 prorsus
889 3917 1005 3962 novam
1025 3895 1126 3962 vitam
1146 3919 1249 3964 resus-

152 4001 245 4069 citari
272 4023 387 4091 pamm
416 4012 466 4068 est
495 4003 657 4071 credibile.
705 4001 902 4071 Ritsobelius
932 4012 1040 4070 eutem
1070 4002 1249 4072 doctrinam

153 4129 244 4176 suam
265 4110 305 4177 de
327 4109 451 4198 origine
466 4109 599 4177 ablativi
616 4110 718 4195 latini,
740 4110 860 4200 quippe
880 4111 972 4200 cujus
993 4113 1099 4178 torma
1118 4113 1250 4200 proprie

152 4237 219 4284 non
245 4217 307 4284 nisi
335 4239 412 4305 pars
440 4219 599 4307 quaedam
628 4220 797 4308 potestatis
823 4219 894 4308 qus
922 4243 1016 4289 casus
1038 4219 1248 4303 contincatur,

998 4318 1049 4384 1⁸
