2946 4870
1187 402 1225 466 17

126 583 245 652 πιιεοίο(ς
270 591 303 650 et
333 580 430 649 Oura.
458 583 548 648 579:
577 586 629 666 „att
657 603 712 668 ayo
729 591 796 646 ‘aaa
823 583 990 665 mapnfico
1012 579 1107 646 aerbo
1129 582 1225 668 atqua

127 695 204 759 abtas
226 703 294 758 tuas
316 690 445 778 naupasia
466 693 564 755 minas
586 689 658 754 Noa
675 687 787 774 pluria
806 685 928 772 fuaa'o“.

209 803 252 866 9..
281 798 455 864 Praeterea
483 819 549 864 non
575 796 688 884 inique
715 795 956 862 excusationem
987 795 1151 863 hiantibus
1180 821 1226 862 me

2 919 3 930 ¹
128 917 160 973 et
189 919 216 973 ta
245 905 358 971 formis
387 915 540 993 expetere
572 903 685 978 videor
717 927 736 970 a
770 903 860 986 loco,
897 925 993 991 quem
1022 904 1056 970 in
1089 903 1227 972 diaereai

126 1013 382 1102 septenariorum
414 1012 649 1080 trochaicorum
679 1011 809 1078 habent.
858 1009 950 1091 Quos
979 1033 1052 1077 cum
1081 1011 1231 1078 Ritsche·

126 1122 187 1187 lius
208 1120 330 1208 Prolag
351 1144 383 1208 p.
409 1125 467 1186 193
489 1117 779 1206 asynarteticorum
795 1117 936 1205 speciem
956 1140 1089 1205 perraro
1109 1120 1143 1186 in
1163 1121 1225 1186 fre·

127 1229 337 1318 quentissimo
363 1226 471 1293 Plauti
499 1250 560 1293 usu
588 1225 762 1315 praebere,
795 1225 986 1314 praesertim
1005 1227 1065 1309 ubi
1086 1248 1159 1310 eos,
1192 1229 1226 1294 in

128 1337 244 1424 quibus
258 1356 415 1422 personae
435 1333 570 1400 mutatio
593 1333 646 1398 vel
667 1333 820 1400 orationis
842 1333 963 1399 iustitio
984 1333 1117 1418 aceedit,
1140 1334 1225 1404 dem-

126 1443 239 1532 pseris,
262 1442 417 1530 exemplis
438 1465 457 1508 e
477 1442 568 1508 Tria.
585 1451 617 1507 et
631 1441 751 1508 Bacch.
773 1439 875 1506 allatis
898 1442 1094 1540 ostende-rit,¹
1113 1442 1225 1510 eadem

126 1551 160 1616 in
185 1551 299 1617 ceteris
325 1549 443 1619 fabulis
475 1547 580 1614 adhuc
610 1546 788 1615 emendatis
816 1547 961 1636 paucitas
982 1549 1153 1636 neglectae
1174 1573 1225 1639 sy·

126 1658 300 1746 naloephes
322 1657 478 1742 cernitur,
511 1666 648 1744 excepta
677 1655 745 1722 sola
765 1655 1002 1741 Menaechmis,
1032 1679 1115 1746 quae
1145 1680 1225 1745 prae

126 1767 242 1833 ceteris
264 1787 336 1832 eam
358 1765 419 1832 sibi
441 1764 586 1832 vindicat
605 1764 776 1830 licentiam.
819 1763 927 1848 Bossit
955 1763 1071 1852 aliquis
1092 1765 1126 1830 in
1146 1765 1225 1832 mul-

124 1873 262 1941 titudine
284 1873 487 1958 vocularum,
510 1895 593 1962 quae
616 1897 635 1939 a
656 1871 834 1940 sententiae
856 1871 1072 1939 concinnitate
1093 1873 1224 1941 minime

125 1980 290 2070 flagitatae
311 1979 421 2048 sedem
440 1979 477 2048 in
498 2001 632 2048 caesura
654 1982 777 2067 cepisse
797 1979 1014 2067 reperiuntur,
1043 1982 1133 2048 velut
1160 2005 1223 2068 eqo,

124 2090 200 2175 pam,
222 2088 388 2163 offendens
410 2110 477 2156 non
497 2097 564 2154 mm
578 2110 598 2153 a
612 2088 750 2154 verboso
766 2095 871 2176 potita,
893 2110 991 2176 qnam
1008 2111 1028 2153 a
1042 2099 1224 2157 correctore

56 2239 58 2242 -
126 2198 223 2264 auxio
245 2196 385 2262 -satis
407 2197 541 2285 antiquo
562 2195 617 2260 illo
639 2195 771 2283 quidem
798 2204 831 2264 et
858 2195 1005 2262 codicum
1037 2207 1222 2264 nostrorum

126 2313 267 2371 aetatem
295 2315 531 2394 superante-
559 2301 682 2368 hiatum
709 2313 952 2391 nonnumquam
983 2303 1120 2370 vitatum
1152 2327 1223 2374 esse

126 2413 283 2504 suspicari
311 2422 343 2479 et
360 2411 515 2481 dationem
538 2411 569 2477 ei
590 2411 767 2477 concedere
787 2410 870 2476 velle
892 2431 1041 2500 campmn
1061 2433 1070 2476 t
1092 2413 1149 2478 scd
1170 2414 1223 2480 vel

126 2520 181 2605 sic,
203 2531 238 2586 ut
259 2544 345 2587 nunc
365 2541 417 2586 res
439 2529 498 2603 est,
520 2528 632 2586 eontra
652 2518 859 2586 severitatem
880 2519 974 2584 nobis
995 2542 1062 2585 non
1074 2519 1221 2587 videmur

2 2639 3 2644 ’
110 2611 276 2716 peccare,
298 2627 325 2694 si
346 2626 512 2694 codicibus
539 2626 730 2715 plerumque
753 2627 850 2693 fidem
870 2626 1026 2694 habentes
1047 2628 1223 2695 clementer

125 2737 258 2803 ferimus
280 2737 360 2803 tales
383 2757 508 2818 versus,
530 2735 642 2823 quales
664 2744 740 2802 sunt
760 2734 828 2800 Mis
852 2735 912 2801 790

188 2843 254 2912 8έά
273 2843 351 2931 quid
372 2865 411 2909 ea
431 2864 507 2908 usus
528 2843 607 2907 est?
629 2867 660 2908 :z
683 2843 731 2910 Ut
752 2842 792 2908 ad
814 2855 842 2908 te
863 2842 933 2909 edm
950 2841 1022 2928 jam
1042 2841 1181 2908 deducas

872 2948 1013 3016 domum.

129 3062 238 3128 1370:

185 3169 308 3234 Dicant
328 3171 496 3234 servortm
517 3175 647 3256 praeter
666 3188 713 3231 ma
733 3166 804 3231 esse
824 3164 952 3232 fidelem
972 3165 1146 3232 neminem.

124 3277 243 3344 Pseud.
265 3281 326 3342 983
345 3275 457 3342 Fleck.
478 3286 567 3343 recte
588 3274 721 3343 retinuit
742 3297 750 3338 a

166 3387 261 3452 Hinc
283 3385 453 3474 epistulam
475 3385 586 3472 accipe
607 3408 628 3450 a
646 3407 695 3450 ma
717 3401 725 3444 :
744 3383 828 3448 hanc
847 3403 899 3448 me
919 3381 978 3448 tibi
994 3382 1094 3467 jussit
1114 3379 1191 3445 dare
1215 3403 1223 3444 ε

125 3503 278 3560 accentus
292 3493 484 3560 emendabat
497 3494 539 3560 R.
561 3511 569 3554 ε
590 3493 648 3558 aba·
665 3491 735 3558 mad
753 3494 849 3569 boam
870 3489 928 3556 sed
942 3511 1013 3554 eam
1027 3486 1222 3570 cautionem,

2 3681 3 3690 ἵ
125 3610 248 3667 utnon
268 3600 330 3666 nisi
351 3601 412 3689 ipsi
433 3601 573 3668 Ballioni
594 3611 765 3687 argentum
791 3597 954 3680 crederet,
986 3596 1027 3661 ab
1055 3594 1132 3659 hero
1161 3593 1223 3660 eibi

125 3707 381 3774 commendatam
403 3729 472 3774 esee
489 3707 627 3795 Harpax
647 3706 718 3794 ipsa
738 3730 770 3772 v.
784 3708 845 3772 *595
867 3725 940 3793 sqq.
961 3723 1027 3768 non
1045 3699 1223 3768 indicavit:

125 3827 239 3884 contra
267 3814 381 3882 eodem
404 3815 654 3883 demonstrativo
675 3814 864 3903 pronomine
885 3835 905 3878 a
926 3809 1030 3897 capite
1052 3809 1221 3898 utriusque

125 3925 186 3992 ooli
209 3924 316 4013 posito
337 3933 414 4013 apte
434 3925 517 3992 ratio
538 3924 797 3990 coordinatorum
818 3917 1059 4003 sententiarum,
1082 3940 1220 4006 quarum

2 4061 3 4112 r
123 4033 257 4100 alteram
279 4031 524 4099 subordinatum
545 4040 715 4120 expectes,
748 4026 966 4116 significatura
996 4024 1073 4092 dicit
1097 4025 1184 4092 enim
1211 4049 1220 4089 ε

2 4179 7 4243 1¹
124 4140 172 4207 Ut
205 4142 272 4227 (val
304 4141 416 4232 quam)
446 4161 498 4206 me
525 4138 623 4226 jussit
650 4138 743 4222 dare,
778 4135 823 4204 ita
852 4133 964 4222 (hana)
994 4135 1114 4223 accipe.
1168 4130 1220 4199 Of.

2 4261 3 4276 ¹
124 4246 212 4315 Meu.
236 4254 326 4316 940:

1002 4348 1021 4408 2
