2946 4870
1174 405 1214 464 43

110 589 327 655 Lachmanno
350 597 383 652 et
403 585 593 652 Hermanno
621 585 817 651 vindicatam
845 591 1050 672 agnoverunt
1070 581 1216 648 Ritsche-

109 697 180 761 lius
201 696 332 782 Proleg.
353 718 386 782 p.
410 700 470 761 206
493 703 526 758 et
546 693 775 758 Fleckeisenus
796 693 859 780 Ep.
881 691 951 756 crit.
973 715 1004 778 p.
1027 689 1124 773 XXI,
1151 712 1215 755 non

111 802 249 890 ingrate
270 800 373 866 videri
396 800 498 888 possit
519 799 642 888 Guyeti
664 800 844 866 emendatio
865 799 955 864 Pers.
979 803 1015 862 13
1037 823 1044 863 :

181 909 265 990 Quis
286 909 353 974 illic
375 919 432 992 est,
455 909 511 994 qui
533 911 716 972 contremo
738 905 847 972 estet?
868 930 891 972 r:
913 905 997 986 Quis
1021 903 1074 970 hic
1094 915 1152 987 est,

633 995 637 1001 ¹
716 1015 770 1103 qui
793 1017 907 1080 contri
928 1015 999 1078 med
1018 1011 1127 1079 estet?

114 1125 179 1208 (me
199 1123 298 1204 libri).
341 1122 419 1188 Non
445 1123 573 1188 varient
601 1123 807 1188 Hermennus
836 1132 867 1187 et
887 1121 928 1187 R.
952 1121 1126 1186 scribentes
1148 1121 1215 1186 Hic

113 1236 194 1318 quic.
246 1229 312 1296 sed
341 1251 537 1318 quemquem
567 1228 769 1295 Fleckeiseni
797 1229 901 1294 adhuc
935 1237 1143 1315 expectamus
1175 1228 1215 1293 de

114 1337 176 1402 ille
197 1338 271 1423 lege
293 1337 528 1424 expositionem
555 1338 805 1420 accuratiorem,
831 1358 929 1425 quam
948 1336 1095 1424 promisit
1116 1333 1215 1400 Jahn.

114 1444 238 1510 Annal.
260 1443 343 1510 LXI
363 1468 393 1533 p.
417 1451 470 1528 28,
498 1455 607 1510 temen
629 1467 740 1510 earum
761 1467 945 1526 causarum,
975 1466 1057 1532 quoe
1080 1443 1215 1508 eandem

114 1552 359 1617 voculetionem
387 1573 452 1617 non
479 1552 576 1618 modo
604 1561 775 1635 excusent,
806 1551 862 1617 sed
892 1551 1122 1638 elegantiorem
1145 1550 1215 1615 red·

115 1659 213 1741 dunt,
245 1659 365 1723 nullom
393 1657 445 1725 hic
472 1659 577 1725 locum
605 1661 725 1725 hebere
753 1681 919 1726 censemus
948 1660 1085 1746 ideoque
1107 1657 1216 1724 scribi-

114 1789 188 1830 mus
212 1793 218 1830 :
243 1767 326 1848 „Hic
349 1768 419 1853 quis
439 1779 485 1832 eet
508 1768 565 1854 qui
588 1791 643 1832 me
670 1771 780 1833 eistat
808 1765 990 1834 contro?“
1014 1768 1053 1832 cl.
1077 1771 1136 1830 208

258 1873 425 1940 Feminam
449 1876 619 1942 scelestam
639 1887 666 1941 te
686 1881 795 1942 essens
817 1889 920 1941 eontra
938 1879 1081 1941 contuor.

200 1979 285 2047 Rud.
313 1984 367 2047 187
389 1983 491 2047 miror
511 1982 598 2071 quod
626 2005 722 2050 voces
746 1983 889 2070 ejusdem
920 1983 1055 2069 originis
1078 1991 1110 2047 et
1128 2004 1216 2046 men·

116 2111 212 2154 surae
234 2098 368 2155 occentu
390 2110 454 2154 non
483 2099 606 2157 mutato
636 2113 670 2155 se
697 2092 923 2178 contingentes
944 2089 1162 2156 toleraverunt
1183 2097 1216 2154 et

116 2194 256 2261 eleon:
615 2185 617 2188 ⁵

200 2301 274 2368 Hoc
295 2302 355 2369 deo
377 2303 534 2391 compleci
536 2312 634 2370 tumst
658 2305 729 2370 mccl
756 2305 817 2369 hoc
846 2306 959 2368 ornatu
986 2307 1079 2368 ornet
1065 2311 1133 2370 tem

755 2411 789 2476 in
810 2411 958 2497 regiones

198 2515 282 2581 Esse
303 2515 477 2583 incertest
463 2517 609 2583 timidam
631 2519 777 2604 ejectam,

117 2634 150 2689 et
169 2623 393 2708 Hermannus,
424 2625 479 2712 qui
501 2626 540 2691 de
563 2627 674 2691 metris
695 2651 726 2714 p.
751 2631 809 2692 128
837 2626 930 2692 aliter
951 2626 1110 2693 ordinavit
1131 2627 1215 2693 lacu-

118 2752 213 2796 nosos
234 2752 348 2796 versus
370 2755 377 2796 :

517 2887 524 2905 .
549 2888 557 2904 .
578 2839 639 2904 hoc
663 2840 723 2904 deo
745 2839 1031 2926 complecitumst‘?

182 2944 236 3008 Me
256 2943 317 3010 hoc
339 2947 454 3011 ornttu
477 2948 623 3012 ometem
644 2946 678 3010 in
699 2947 838 3012 incertos
857 2946 1006 3034 regiones
1026 2947 1173 3013 timidam

755 3054 902 3141 ejectam.

119 3157 242 3239 Quodsi
256 3159 458 3228 Fleckeiseni
481 3162 564 3227 ratio
584 3162 689 3228 minus
710 3186 730 3228 a
750 3163 894 3249 vestigiis
910 3163 1065 3230 librorum
1080 3164 1213 3249 recedit,

118 3267 355 3355 proponimus:

196 3375 268 3441 Hoc
290 3376 350 3443 deo
372 3376 626 3465 conpltcitumst
648 3381 794 3444 ornatam
821 3380 881 3445 hoc
902 3402 948 3445 me
969 3379 1077 3445 ornritu
1098 3379 1131 3445 in

757 3483 837 3574 [hes]
859 3487 1037 3574 regiones:

120 3586 165 3652 sin
185 3589 257 3674 quis
278 3589 501 3656 Hermennum
528 3593 621 3682 sequi
648 3594 788 3676 mavult,
817 3594 903 3659 idem
932 3593 1115 3682 assequitur
1136 3594 1209 3661 ite:

120 3695 180 3781 Μ
183 3718 199 3761 e
219 3697 329 3762 όιιιαίιι
349 3701 402 3763 troc
424 3701 592 3765 omotamf‘

196 3801 402 3890 Elegantiom
423 3807 586 3893 quandam
613 3809 732 3874 habere
762 3807 899 3874 eundem
921 3815 1090 3873 accentum
1110 3806 1144 3874 in
1165 3831 1213 3876 re-

119 3911 269 3997 petitione
292 3915 467 3981 corundem
494 3916 667 3982 verborum
695 3939 772 3981 mox
793 3916 1028 3982 recurrentium
1050 3916 1135 3984 heud
1157 3918 1211 3982 eir

119 4042 228 4085 sonum
249 4031 392 4089 statuere
412 4023 505 4089 nobis
526 4024 805 4108 videmur,'s1ille
827 4045 900 4089 cum
921 4023 1054 4111 perodio
1070 4035 1103 4091 et
1117 4025 1212 4092 nevil·-

119 4125 232 4194 latione
253 4129 297 4195 fit
342 4128 561 4211 Quamobrem
585 4140 659 4221 post
661 4155 759 4219 quam
784 4131 905 4247 peresit
905 4155 942 4198 ue
891 4131 1210 4248 tMeneeehmum

119 4233 272 4323 increpuit
291 4236 379 4304 Men
401 4245 493 4306 512:
