2946 4870
254 397 290 460 18

309 547 452 658 ilgomet
479 571 559 636 haec
585 579 618 635 te
643 567 711 636 vidi
737 569 862 650 facere,
894 569 1025 654 egomet
1052 567 1151 634 haece
1178 576 1212 632 11
1232 569 1357 656 arguo.

247 681 341 748 Asin.
364 681 425 747 675
448 677 537 744 illum
558 687 592 743 te
613 686 737 743 orcrest
766 676 880 742 melius
902 700 909 740 :
931 677 993 742 Ille
1014 675 1097 740 111111
1121 673 1198 739 mihi
1219 699 1358 743 servan·

249 788 323 854 dfim
357 787 456 854 dedit.
498 787 588 852 Poen
609 783 627 850 I
648 791 677 868 2,
702 786 758 850 127
782 807 790 850 :
811 783 861 850 Et
894 784 1090 850 conveniunt
1122 785 1321 851 mercatores
1348 811 1357 852 =

249 897 295 966 tbi
318 917 379 983 ego
398 917 451 962 me
472 894 600 960 ostendi
621 893 707 959 volo.
750 891 876 959 Similia
891 900 1086 980 parataxeos
1105 891 1253 979 exempla
1274 904 1360 960 sunt
1411 921 1414 930 ⁴

249 1004 334 1071 Rud.
369 1007 437 1068 106.
467 1001 566 1068 Mero.
600 1006 670 1066 631.
706 1035 748 1048 -
788 999 926 1066 Prorsus
956 1000 1113 1088 gemellus
1144 1009 1228 1066 esset
1257 1001 1359 1067 locus

249 1111 639 1196 fflmfflhfflmz

290 1219 427 1285 Horuno
448 1217 502 1282 hic
522 1237 610 1281 nuno
632 1218 730 1280 causa
752 1215 833 1280 haee
854 1213 964 1302 agitur
986 1217 1204 1302 spectatorum
1230 1217 1359 1302 sebule,

291 1327 402 1394 Hosne
420 1325 534 1390 satiust
548 1325 581 1388 te
597 1321 714 1388 docere
728 1331 773 1404 ut,
789 1321 917 1409 quendo
932 1344 1020 1408 agas,
1036 1321 1114 1410 quid
1130 1325 1209 1410 agee
1225 1324 1332 1391 sciant
1349 1349 1358 1389 :

248 1434 311 1500 nisi
335 1435 426 1521 prior
445 1453 558 1498 versus
581 1453 623 1496 ex
643 1429 761 1496 Pseud.
785 1432 846 1494 720
866 1428 1077 1517 interpolatus
1099 1441 1193 1497 esset.

249 1542 371 1630 Amph.
394 1546 456 1606 384
477 1541 518 1607 V.
541 1537 577 1606 O.
599 1540 645 1606 ita
666 1538 827 1604 exhibet:
1001 1627 1003 1632 Ι

290 1639 549 1738 A'mphitruonis
571 1648 695 1713 sdcium
715 1669 757 1712 ne
776 1669 825 1712 sue
846 1647 916 1712 esse
937 1644 1026 1710 volui
1048 1644 1185 1710 dtoere:

250 1781 287 1824 ce
306 1781 355 1822 mc
377 1767 491 1822 contra
512 1755 668 1829 sermonis
688 1775 784 1820 usum
810 1775 879 1819 esse
901 1753 1020 1818 docens
1042 1751 1154 1819 Flecln
1176 1753 1292 1820 Philol.
1314 1755 1356 1820 Π

251 1869 292 1930 94
314 1862 402 1951 quod
423 1871 662 1949 proposuerat:

311 1973 387 2035 111111
410 1967 484 2034 med
503 1967 750 2055 Amphitrudnis
772 1989 842 2034 esse
862 1967 988 2034 socium
1010 1968 1099 2034 volui
1120 1967 1237 2052 dicere,

249 2078 318 2164 ipse
340 2076 374 2141 in
396 2075 600 2159 recensione,
624 2085 657 2142 et
678 2075 763 2163 quod
786 2075 819 2141 in
840 2075 1029 2143 recensione
1050 2075 1199 2160 dederat,
1233 2077 1353 2145 iterum

250 2185 353 2273 Epist.
378 2185 448 2251 orit.
471 2208 502 2272 p.
523 2183 629 2251 XVII
650 2183 856 2265 retractavit,
885 2192 921 2248 ut
950 2183 1003 2250 hio
1030 2205 1143 2250 versus
1166 2185 1234 2272 jam
1258 2195 1353 2251 extra

251 2292 473 2384 quaestionem
495 2293 548 2358 sit.
590 2290 683 2358 Asin.
709 2296 767 2358 16³
787 2289 895 2378 potius
917 2313 991 2355 oum
1011 2291 1081 2357 rell.
1102 2292 1184 2358 Pell.

316 2400 415 2468 Solus
437 2398 611 2467 solitudine
633 2421 695 2487 ego
718 2411 745 2464 tc
767 2400 865 2488 fitque
887 2401 928 2465 ab
950 2408 1096 2486 egestate
1118 2399 1237 2467 obstuli

249 2510 464 2596 (quamquam
475 2531 541 2574 non
556 2508 729 2574 accedente
745 2508 953 2576 excusatione
968 2508 1095 2572 theseos
1108 2510 1352 2594 monosyllabae
1372 2591 1376 2604 ¹

252 2624 329 2682 ante
350 2616 484 2682 brevem
504 2616 652 2680 vocalem
673 2613 806 2698 hiantis)
825 2613 964 2697 tulerim,
988 2637 1086 2704 quam
1106 2639 1180 2682 oum
1201 2617 1242 2683 V.
1259 2611 1295 2682 O.
1318 2625 1352 2682 et

252 2722 362 2790 Fleek.
384 2723 418 2787 D
440 2745 480 2790 ex
503 2723 651 2812 sequenti
671 2724 704 2788 A
725 2731 831 2789 ortum
852 2722 1035 2811 pronomini
1056 2724 1227 2793 affixerint.
1262 2727 1349 2792 Man.

252 2836 312 2896 431
326 2839 328 2842 ’
344 2854 419 2898 cum
447 2830 487 2898 R.

294 2938 417 3007 Ebmus
433 2940 519 3007 intro
540 2962 570 3005 τε
591 2941 669 3009 Jam
686 2961 803 3028 sequar
817 2953 845 3007 te
866 2964 873 3006 :
895 2942 979 3008 huno
993 2942 1068 3008 volo
1084 2941 1181 3008 etiam
1202 2943 1350 3031 conloqui

224 3065 226 3068 ·
252 3048 402 3134 quamvis
430 3046 616 3113 dubitanter
644 3051 728 3113 ferat
758 3059 790 3114 et
815 3050 917 3136 praef.
945 3073 977 3136 p.
999 3049 1088 3117 XIII
1118 3060 1167 3116 sat
1197 3073 1350 3136 magnum

252 3173 423 3216 numerum
454 3173 607 3218 versuum
639 3155 762 3219 hiatum
793 3155 826 3220 in
857 3155 928 3242 ipsa
958 3158 1172 3242 perpetuitate
1200 3157 1350 3224 orationis

253 3279 320 3323 non
350 3259 572 3344 spernentium
600 3269 781 3342 enumeret,
808 3259 955 3347 ejusdem
984 3285 1016 3327 v.
1037 3268 1096 3328 942
1119 3287 1137 3330 e
1158 3265 1240 3331 mire
1260 3265 1350 3332 codd.

253 3365 410 3432 memoria
437 3363 485 3452 (te
507 3365 618 3432 deesse
639 3368 678 3450 B,
700 3368 755 3434 teb
777 3369 888 3435 deesse
910 3367 947 3452 0,
969 3369 1067 3436 tebde
1088 3377 1134 3438 e”e
1155 3373 1205 3454 D,
1229 3383 1262 3440 te
1284 3396 1351 3440 esse

254 3474 284 3541 F
309 3497 382 3542 oum
403 3473 445 3560 Z)
467 3473 513 3544 ita
535 3473 614 3540 dare
635 3498 700 3541 non
723 3476 862 3542 debebat
884 3501 892 3542 1

308 3557 318 3584 Ι

294 3583 341 3649 Et
364 3584 406 3651 ob
429 3607 500 3650 eam
521 3605 590 3648 rem
612 3583 645 3648 in
667 3585 829 3650 1111111111
850 3585 901 3650 ted
921 3585 991 3653 esse
1014 3588 1207 3674 conpactum
1228 3586 1303 3653 acic.

255 3690 377 3776 Amph.
395 3693 454 3757 706
468 3691 604 3758 fortasse
618 3691 712 3778 lapsu
728 3691 843 3758 calami
863 3693 905 3760 R.
926 3691 996 3760 Iud.
1019 3694 1091 3761 lect
1117 3694 1222 3773 18⁵⁴l55
1237 3717 1269 3783 p.
1285 3694 1350 3762 VH

257 3795 304 3860 sic
325 3794 416 3862 dedit
437 3822 445 3864 ε

741 3911 744 3918 ’
805 3917 838 3974 at
858 3909 914 3996 pol
934 3908 1013 3997 quin
1035 3910 1122 3978 certa
1142 3919 1210 3976 rest

296 4007 392 4074 Hine
413 4009 616 4098 objurigtre‚
645 4033 729 4100 quse
750 4015 819 4080 med
837 4013 934 4081 hodie
955 4014 1181 4083 advenientem
1203 4018 1349 4101 domum3

254 4137 330 4182 nam
350 4116 420 4203 ipse
441 4117 529 4184 addit
551 4143 558 4184 :
582 4122 655 4204 „vel
678 4121 774 4188 etiam
795 4120 971 4209 simplicius
994 4145 1002 4188 ε
1024 4126 1196 4209 certares,

297 4223 393 4294 Hunc
415 4224 640 4315 objurigtrest
662 4251 745 4318 quae
767 4253 813 4296 me
834 4252 861 4296 e.
885 4253 917 4320 q.
941 4255 966 4298 s.
