<?xml version="1.0" encoding="UTF-8"?>
<!DOCTYPE html PUBLIC "-//W3C//DTD XHTML 1.0 Transitional//EN"
    "http://www.w3.org/TR/xhtml1/DTD/xhtml1-transitional.dtd">
<html xmlns="http://www.w3.org/1999/xhtml" xml:lang="en" lang="en">
 <head>
  <title>
</title>
<meta http-equiv="Content-Type" content="text/html;charset=utf-8" />
  <meta name='ocr-system' content='tesseract 3.04.00' />
  <meta name='ocr-capabilities' content='ocr_page ocr_carea ocr_par ocr_line ocrx_word'/>
</head>
<body>
  <div class='ocr_page' id='page_1' title='image "./meletemataplaut00umpfgoog_0016.png"; bbox 0 0 2946 4870; ppageno 0'>
   <div class='ocr_carea' id='block_1_1' title="bbox 1239 392 1259 455">
    <p class='ocr_par' dir='ltr' id='par_1_1' title="bbox 1239 392 1259 455">
     <span class='ocr_line' id='line_1_1' title="bbox 1239 392 1259 455; baseline 0 0"><span class='ocrx_word' id='word_1_1' title='bbox 1239 392 1259 455; x_wconf 76' lang='lat' dir='ltr'><strong>d</strong></span> 
     </span>
    </p>
   </div>
   <div class='ocr_carea' id='block_1_2' title="bbox 162 571 1261 1846">
    <p class='ocr_par' dir='ltr' id='par_1_2' title="bbox 162 571 1261 1846">
     <span class='ocr_line' id='line_1_2' title="bbox 164 571 1261 661; baseline -0.005 -18"><span class='ocrx_word' id='word_1_2' title='bbox 164 577 199 660; x_wconf 80' lang='lat'><strong>5,</strong></span> <span class='ocrx_word' id='word_1_3' title='bbox 221 581 258 642; x_wconf 79' lang='lat'><strong>21</strong></span> <span class='ocrx_word' id='word_1_4' title='bbox 289 573 397 652; x_wconf 88' lang='lat' dir='ltr'><strong>tradit,</strong></span> <span class='ocrx_word' id='word_1_5' title='bbox 419 573 611 661; x_wconf 85' lang='lat' dir='ltr'><strong>praesertim</strong></span> <span class='ocrx_word' id='word_1_6' title='bbox 636 593 710 639; x_wconf 87' lang='lat' dir='ltr'><strong>oum</strong></span> <span class='ocrx_word' id='word_1_7' title='bbox 738 593 858 638; x_wconf 85' lang='lat' dir='ltr'><strong>sansor.</strong></span> <span class='ocrx_word' id='word_1_8' title='bbox 880 571 1091 660; x_wconf 74' lang='lat' dir='ltr'><strong>ulrum-(ego)</strong></span> <span class='ocrx_word' id='word_1_9' title='bbox 1115 593 1175 638; x_wconf 93' lang='lat' dir='ltr'><strong>nec</strong></span> <span class='ocrx_word' id='word_1_10' title='bbox 1195 593 1261 637; x_wconf 89' lang='lat' dir='ltr'><strong>non</strong></span> 
     </span>
     <span class='ocr_line' id='line_1_3' title="bbox 163 680 1260 765; baseline -0.005 -14"><span class='ocrx_word' id='word_1_11' title='bbox 163 684 365 752; x_wconf 71' lang='lat' dir='ltr'><strong>accusativos</strong></span> <span class='ocrx_word' id='word_1_12' title='bbox 383 687 467 748; x_wconf 78' lang='lat' dir='ltr'><strong>mam</strong></span> <span class='ocrx_word' id='word_1_13' title='bbox 489 693 521 748; x_wconf 86' lang='lat' dir='ltr'><strong>ct</strong></span> <span class='ocrx_word' id='word_1_14' title='bbox 541 686 625 747; x_wconf 74' lang='lat' dir='ltr'><strong>todro</strong></span> <span class='ocrx_word' id='word_1_15' title='bbox 652 680 716 759; x_wconf 80' lang='lat' dir='ltr'><strong>(me</strong></span> <span class='ocrx_word' id='word_1_16' title='bbox 736 688 770 746; x_wconf 87' lang='lat' dir='ltr'><strong>et</strong></span> <span class='ocrx_word' id='word_1_17' title='bbox 790 681 834 765; x_wconf 82' lang='lat' dir='ltr'><strong>te)</strong></span> <span class='ocrx_word' id='word_1_18' title='bbox 861 689 898 746; x_wconf 90' lang='lat' dir='ltr'><strong>ut</strong></span> <span class='ocrx_word' id='word_1_19' title='bbox 918 689 1101 746; x_wconf 85' lang='lat' dir='ltr'><strong>contractos</strong></span> <span class='ocrx_word' id='word_1_20' title='bbox 1131 701 1173 746; x_wconf 85' lang='lat' dir='ltr'><strong>ex</strong></span> <span class='ocrx_word' id='word_1_21' title='bbox 1193 705 1260 746; x_wconf 83' lang='lat' dir='ltr'><strong>mo·</strong></span> 
     </span>
     <span class='ocr_line' id='line_1_4' title="bbox 162 783 1260 879; baseline -0.005 -21"><span class='ocrx_word' id='word_1_22' title='bbox 162 793 239 875; x_wconf 70' lang='lat' dir='ltr'><strong>loen</strong></span> <span class='ocrx_word' id='word_1_23' title='bbox 259 801 293 857; x_wconf 93' lang='lat' dir='ltr'><strong>et</strong></span> <span class='ocrx_word' id='word_1_24' title='bbox 312 791 433 879; x_wconf 69' lang='lat' dir='ltr'><strong>malam</strong></span> <span class='ocrx_word' id='word_1_25' title='bbox 455 787 621 855; x_wconf 87' lang='lat' dir='ltr'><strong>continere</strong></span> <span class='ocrx_word' id='word_1_26' title='bbox 641 789 685 872; x_wconf 74' lang='grc' dir='ltr'><strong>ᾖα</strong></span> <span class='ocrx_word' id='word_1_27' title='bbox 700 785 901 876; x_wconf 79' lang='lat' dir='ltr'><strong>particulam,</strong></span> <span class='ocrx_word' id='word_1_28' title='bbox 923 807 1007 876; x_wconf 87' lang='lat' dir='ltr'><strong>quae</strong></span> <span class='ocrx_word' id='word_1_29' title='bbox 1022 809 1141 875; x_wconf 75' lang='lat' dir='ltr'><strong>gruem</strong></span> <span class='ocrx_word' id='word_1_30' title='bbox 1155 786 1195 854; x_wconf 90' lang='lat' dir='ltr'><strong>sit</strong></span> <span class='ocrx_word' id='word_1_31' title='bbox 1213 783 1260 872; x_wconf 76' lang='grc' dir='ltr'><strong>γέ,</strong></span> 
     </span>
     <span class='ocr_line' id='line_1_5' title="bbox 163 895 1261 987; baseline -0.002 -23"><span class='ocrx_word' id='word_1_32' title='bbox 163 899 267 987; x_wconf 92' lang='lat' dir='ltr'><strong>Bopp.</strong></span> <span class='ocrx_word' id='word_1_33' title='bbox 288 899 329 965; x_wconf 87' lang='lat' dir='ltr'><strong>V.</strong></span> <span class='ocrx_word' id='word_1_34' title='bbox 353 897 396 966; x_wconf 83' lang='lat' dir='ltr'><strong>G.</strong></span> <span class='ocrx_word' id='word_1_35' title='bbox 418 897 454 964; x_wconf 89' lang='lat'><strong>11</strong></span> <span class='ocrx_word' id='word_1_36' title='bbox 478 902 545 963; x_wconf 87' lang='lat'><strong>102.</strong></span> <span class='ocrx_word' id='word_1_37' title='bbox 572 901 630 962; x_wconf 87' lang='grc'><strong>104</strong></span> <span class='ocrx_word' id='word_1_38' title='bbox 650 895 767 962; x_wconf 86' lang='lat' dir='ltr'><strong>doceat</strong></span> <span class='ocrx_word' id='word_1_39' title='bbox 787 919 795 960; x_wconf 90' lang='lat'><strong>:</strong></span> <span class='ocrx_word' id='word_1_40' title='bbox 815 905 924 961; x_wconf 89' lang='lat' dir='ltr'><strong>tamen</strong></span> <span class='ocrx_word' id='word_1_41' title='bbox 952 917 1023 961; x_wconf 86' lang='lat' dir='ltr'><strong>eam</strong></span> <span class='ocrx_word' id='word_1_42' title='bbox 1052 896 1261 983; x_wconf 83' lang='lat' dir='ltr'><strong>comparatio</strong></span> 
     </span>
     <span class='ocr_line' id='line_1_6' title="bbox 163 1003 1259 1092; baseline -0.005 -18"><span class='ocrx_word' id='word_1_43' title='bbox 163 1029 238 1074; x_wconf 88' lang='lat' dir='ltr'><strong>nem</strong></span> <span class='ocrx_word' id='word_1_44' title='bbox 259 1006 422 1074; x_wconf 74' lang='lat' dir='ltr'><strong>dissuadet</strong></span> <span class='ocrx_word' id='word_1_45' title='bbox 443 1004 591 1075; x_wconf 86' lang='lat' dir='ltr'><strong>absentia</strong></span> <span class='ocrx_word' id='word_1_46' title='bbox 612 1004 850 1092; x_wconf 85' lang='lat' dir='ltr'><strong>exemplorum,</strong></span> <span class='ocrx_word' id='word_1_47' title='bbox 878 1004 912 1069; x_wconf 94' lang='lat' dir='ltr'><strong>in</strong></span> <span class='ocrx_word' id='word_1_48' title='bbox 934 1003 1050 1092; x_wconf 86' lang='lat' dir='ltr'><strong>quibus</strong></span> <span class='ocrx_word' id='word_1_49' title='bbox 1076 1003 1177 1070; x_wconf 89' lang='lat' dir='ltr'><strong>latina</strong></span> <span class='ocrx_word' id='word_1_50' title='bbox 1198 1003 1259 1092; x_wconf 90' lang='lat' dir='ltr'><strong>spi-</strong></span> 
     </span>
     <span class='ocr_line' id='line_1_7' title="bbox 162 1110 1259 1201; baseline -0.003 -20"><span class='ocrx_word' id='word_1_51' title='bbox 162 1137 238 1181; x_wconf 87' lang='lat' dir='ltr'><strong>rans</strong></span> <span class='ocrx_word' id='word_1_52' title='bbox 260 1113 416 1201; x_wconf 81' lang='lat' dir='ltr'><strong>gutturali</strong></span> <span class='ocrx_word' id='word_1_53' title='bbox 437 1111 563 1180; x_wconf 90' lang='lat' dir='ltr'><strong>mediae</strong></span> <span class='ocrx_word' id='word_1_54' title='bbox 584 1131 722 1200; x_wconf 85' lang='lat' dir='ltr'><strong>graecae</strong></span> <span class='ocrx_word' id='word_1_55' title='bbox 742 1111 947 1198; x_wconf 75' lang='lat' dir='ltr'><strong>respondeat.</strong></span> <span class='ocrx_word' id='word_1_56' title='bbox 987 1110 1044 1194; x_wconf 88' lang='lat' dir='ltr'><strong>Ut,</strong></span> <span class='ocrx_word' id='word_1_57' title='bbox 1068 1110 1193 1178; x_wconf 89' lang='lat' dir='ltr'><strong>etiamsi</strong></span> <span class='ocrx_word' id='word_1_58' title='bbox 1214 1111 1259 1178; x_wconf 88' lang='lat' dir='ltr'><strong>eis</strong></span> 
     </span>
     <span class='ocr_line' id='line_1_8' title="bbox 162 1217 1260 1311; baseline -0.001 -23"><span class='ocrx_word' id='word_1_59' title='bbox 162 1223 292 1311; x_wconf 91' lang='lat' dir='ltr'><strong>quidem</strong></span> <span class='ocrx_word' id='word_1_60' title='bbox 315 1222 355 1288; x_wconf 87' lang='lat' dir='ltr'><strong>do</strong></span> <span class='ocrx_word' id='word_1_61' title='bbox 377 1221 490 1304; x_wconf 73' lang='lat' dir='ltr'><strong>musis,</strong></span> <span class='ocrx_word' id='word_1_62' title='bbox 512 1241 594 1310; x_wconf 89' lang='lat' dir='ltr'><strong>quas</strong></span> <span class='ocrx_word' id='word_1_63' title='bbox 615 1217 756 1287; x_wconf 86' lang='lat' dir='ltr'><strong>Corsson</strong></span> <span class='ocrx_word' id='word_1_64' title='bbox 777 1219 818 1284; x_wconf 84' lang='lat' dir='ltr'><strong>A.</strong></span> <span class='ocrx_word' id='word_1_65' title='bbox 839 1218 880 1284; x_wconf 90' lang='lat' dir='ltr'><strong>V.</strong></span> <span class='ocrx_word' id='word_1_66' title='bbox 894 1217 933 1284; x_wconf 88' lang='lat' dir='ltr'><strong>B.</strong></span> <span class='ocrx_word' id='word_1_67' title='bbox 955 1219 991 1286; x_wconf 86' lang='lat'><strong>11</strong></span> <span class='ocrx_word' id='word_1_68' title='bbox 1015 1221 1072 1286; x_wconf 80' lang='lat'><strong>107</strong></span> <span class='ocrx_word' id='word_1_69' title='bbox 1094 1220 1198 1303; x_wconf 85' lang='lat' dir='ltr'><strong>affert,</strong></span> <span class='ocrx_word' id='word_1_70' title='bbox 1220 1220 1260 1287; x_wconf 85' lang='lat' dir='ltr'><strong>de</strong></span> 
     </span>
     <span class='ocr_line' id='line_1_9' title="bbox 163 1326 1261 1418; baseline 0 -24"><span class='ocrx_word' id='word_1_71' title='bbox 163 1351 271 1396; x_wconf 89' lang='lat' dir='ltr'><strong>errore</strong></span> <span class='ocrx_word' id='word_1_72' title='bbox 286 1329 477 1411; x_wconf 79' lang='lat' dir='ltr'><strong>Quintiliani</strong></span> <span class='ocrx_word' id='word_1_73' title='bbox 491 1329 637 1418; x_wconf 82' lang='lat' dir='ltr'><strong>cogitare</strong></span> <span class='ocrx_word' id='word_1_74' title='bbox 652 1351 718 1394; x_wconf 88' lang='lat' dir='ltr'><strong>non</strong></span> <span class='ocrx_word' id='word_1_75' title='bbox 732 1326 864 1414; x_wconf 89' lang='lat' dir='ltr'><strong>possim,</strong></span> <span class='ocrx_word' id='word_1_76' title='bbox 886 1337 994 1393; x_wconf 85' lang='lat' dir='ltr'><strong>temen</strong></span> <span class='ocrx_word' id='word_1_77' title='bbox 1015 1349 1089 1394; x_wconf 88' lang='lat' dir='ltr'><strong>cum</strong></span> <span class='ocrx_word' id='word_1_78' title='bbox 1110 1349 1148 1394; x_wconf 92' lang='lat' dir='ltr'><strong>oo</strong></span> <span class='ocrx_word' id='word_1_79' title='bbox 1170 1328 1261 1414; x_wconf 84' lang='lat' dir='ltr'><strong>igno·</strong></span> 
     </span>
     <span class='ocr_line' id='line_1_10' title="bbox 162 1433 1260 1520; baseline -0.001 -18"><span class='ocrx_word' id='word_1_80' title='bbox 162 1457 236 1504; x_wconf 84' lang='lat' dir='ltr'><strong>rare</strong></span> <span class='ocrx_word' id='word_1_81' title='bbox 256 1459 309 1502; x_wconf 93' lang='lat' dir='ltr'><strong>me</strong></span> <span class='ocrx_word' id='word_1_82' title='bbox 328 1437 443 1520; x_wconf 83' lang='lat' dir='ltr'><strong>fatear,</strong></span> <span class='ocrx_word' id='word_1_83' title='bbox 471 1437 557 1503; x_wconf 90' lang='lat' dir='ltr'><strong>unde</strong></span> <span class='ocrx_word' id='word_1_84' title='bbox 578 1435 734 1502; x_wconf 85' lang='lat' dir='ltr'><strong>distracta</strong></span> <span class='ocrx_word' id='word_1_85' title='bbox 754 1435 858 1500; x_wconf 85' lang='lat' dir='ltr'><strong>forma</strong></span> <span class='ocrx_word' id='word_1_86' title='bbox 877 1433 1037 1520; x_wconf 77' lang='lat' dir='ltr'><strong>originem</strong></span> <span class='ocrx_word' id='word_1_87' title='bbox 1057 1434 1185 1520; x_wconf 88' lang='lat' dir='ltr'><strong>habeat,</strong></span> <span class='ocrx_word' id='word_1_88' title='bbox 1207 1458 1260 1501; x_wconf 90' lang='lat' dir='ltr'><strong>ne·</strong></span> 
     </span>
     <span class='ocr_line' id='line_1_11' title="bbox 163 1539 1260 1632; baseline -0.001 -23"><span class='ocrx_word' id='word_1_89' title='bbox 163 1565 226 1632; x_wconf 86' lang='lat' dir='ltr'><strong>que</strong></span> <span class='ocrx_word' id='word_1_90' title='bbox 256 1543 391 1610; x_wconf 83' lang='lat' dir='ltr'><strong>Pacuvii</strong></span> <span class='ocrx_word' id='word_1_91' title='bbox 422 1543 539 1612; x_wconf 91' lang='lat' dir='ltr'><strong>Dulcr.</strong></span> <span class='ocrx_word' id='word_1_92' title='bbox 570 1543 609 1608; x_wconf 84' lang='lat' dir='ltr'><strong>fr.</strong></span> <span class='ocrx_word' id='word_1_93' title='bbox 641 1539 730 1607; x_wconf 88' lang='lat' dir='ltr'><strong>XXI</strong></span> <span class='ocrx_word' id='word_1_94' title='bbox 761 1563 836 1607; x_wconf 90' lang='lat' dir='ltr'><strong>cum</strong></span> <span class='ocrx_word' id='word_1_95' title='bbox 873 1539 1055 1608; x_wconf 82' lang='lat' dir='ltr'><strong>Ribbeckio</strong></span> <span class='ocrx_word' id='word_1_96' title='bbox 1091 1563 1132 1607; x_wconf 86' lang='lat' dir='ltr'><strong>ex</strong></span> <span class='ocrx_word' id='word_1_97' title='bbox 1160 1541 1260 1608; x_wconf 86' lang='lat' dir='ltr'><strong>Nonii</strong></span> 
     </span>
     <span class='ocr_line' id='line_1_12' title="bbox 164 1643 339 1718; baseline 0.006 -3"><span class='ocrx_word' id='word_1_98' title='bbox 164 1650 284 1718; x_wconf 89' lang='lat' dir='ltr'><strong>libris:</strong></span> <span class='ocrx_word' id='word_1_99' title='bbox 336 1643 339 1649; x_wconf 66' lang='grc'><strong>’</strong></span> 
     </span>
     <span class='ocr_line' id='line_1_13' title="bbox 610 1755 1037 1846; baseline 0 -24"><span class='ocrx_word' id='word_1_100' title='bbox 610 1755 698 1837; x_wconf 83' lang='lat' dir='ltr'><strong>Quid</strong></span> <span class='ocrx_word' id='word_1_101' title='bbox 721 1755 884 1846; x_wconf 90' lang='lat' dir='ltr'><strong>quondam</strong></span> <span class='ocrx_word' id='word_1_102' title='bbox 905 1755 1037 1823; x_wconf 87' lang='lat' dir='ltr'><strong>etmihi</strong></span> 
     </span>
    </p>
   </div>
   <div class='ocr_carea' id='block_1_3' title="bbox 309 1863 1074 2040">
    <p class='ocr_par' dir='ltr' id='par_1_3' title="bbox 309 1863 1074 2040">
     <span class='ocr_line' id='line_1_14' title="bbox 309 1863 1074 1954; baseline -0.001 -24"><span class='ocrx_word' id='word_1_103' title='bbox 309 1863 409 1952; x_wconf 74' lang='lat' dir='ltr'><strong>Piget</strong></span> <span class='ocrx_word' id='word_1_104' title='bbox 430 1873 602 1954; x_wconf 82' lang='lat' dir='ltr'><strong>paternum</strong></span> <span class='ocrx_word' id='word_1_105' title='bbox 622 1867 750 1948; x_wconf 75' lang='lat' dir='ltr'><strong>nomen,</strong></span> <span class='ocrx_word' id='word_1_106' title='bbox 771 1868 951 1932; x_wconf 78' lang='lat' dir='ltr'><strong>maternum</strong></span> <span class='ocrx_word' id='word_1_107' title='bbox 972 1863 1074 1952; x_wconf 91' lang='lat' dir='ltr'><strong>pudet</strong></span> 
     </span>
     <span class='ocr_line' id='line_1_15' title="bbox 310 1972 439 2040; baseline 0.008 -2"><span class='ocrx_word' id='word_1_108' title='bbox 310 1972 439 2040; x_wconf 75' lang='lat' dir='ltr'><strong>Profert</strong></span> 
     </span>
    </p>
   </div>
   <div class='ocr_carea' id='block_1_4' title="bbox 161 2077 1262 2382">
    <p class='ocr_par' dir='ltr' id='par_1_4' title="bbox 161 2077 1262 2382">
     <span class='ocr_line' id='line_1_16' title="bbox 162 2077 1262 2168; baseline -0.003 -21"><span class='ocrx_word' id='word_1_109' title='bbox 162 2080 319 2168; x_wconf 84' lang='lat' dir='ltr'><strong>effingere</strong></span> <span class='ocrx_word' id='word_1_110' title='bbox 335 2079 469 2147; x_wconf 88' lang='lat' dir='ltr'><strong>audeam</strong></span> <span class='ocrx_word' id='word_1_111' title='bbox 485 2106 492 2145; x_wconf 91' lang='lat'>:</span> <span class='ocrx_word' id='word_1_112' title='bbox 514 2083 585 2167; x_wconf 80' lang='lat' dir='ltr'><strong>qra&#39;d</strong></span> <span class='ocrx_word' id='word_1_113' title='bbox 603 2081 793 2167; x_wconf 78' lang='lat' dir='ltr'><strong>quodetiam</strong></span> <span class='ocrx_word' id='word_1_114' title='bbox 806 2079 899 2160; x_wconf 74' lang='lat' dir='ltr'><strong>melae,</strong></span> <span class='ocrx_word' id='word_1_115' title='bbox 921 2078 978 2145; x_wconf 90' lang='lat' dir='ltr'><strong>sed</strong></span> <span class='ocrx_word' id='word_1_116' title='bbox 992 2078 1123 2145; x_wconf 89' lang='lat' dir='ltr'><strong>malim:</strong></span> <span class='ocrx_word' id='word_1_117' title='bbox 1148 2077 1236 2157; x_wconf 73' lang='lat' dir='ltr'><strong>Quid</strong></span> <span class='ocrx_word' id='word_1_118' title='bbox 1244 2081 1262 2144; x_wconf 85' lang='lat'><strong><em>?</em></strong></span> 
     </span>
     <span class='ocr_line' id='line_1_17' title="bbox 161 2185 1261 2275; baseline -0.002 -23"><span class='ocrx_word' id='word_1_119' title='bbox 161 2192 303 2274; x_wconf 62' lang='lat' dir='ltr'><strong>pronum</strong></span> <span class='ocrx_word' id='word_1_120' title='bbox 329 2191 358 2251; x_wconf 78' lang='lat' dir='ltr'><strong>a·</strong></span> <span class='ocrx_word' id='word_1_121' title='bbox 382 2188 465 2252; x_wconf 71' lang='lat' dir='ltr'><strong>mitt</strong></span> <span class='ocrx_word' id='word_1_122' title='bbox 520 2186 776 2275; x_wconf 69' lang='lat' dir='ltr'><strong>significationis</strong></span> <span class='ocrx_word' id='word_1_123' title='bbox 804 2185 1009 2253; x_wconf 83' lang='lat' dir='ltr'><strong>similitudine</strong></span> <span class='ocrx_word' id='word_1_124' title='bbox 1037 2187 1079 2251; x_wconf 89' lang='lat' dir='ltr'><strong>ad</strong></span> <span class='ocrx_word' id='word_1_125' title='bbox 1107 2207 1261 2272; x_wconf 76' lang='lat' dir='ltr'><strong>graeotmr</strong></span> 
     </span>
     <span class='ocr_line' id='line_1_18' title="bbox 161 2289 1258 2382; baseline -0.002 -22"><span class='ocrx_word' id='word_1_126' title='bbox 161 2289 261 2380; x_wconf 72' lang='grc' dir='ltr'><em>ἔγωγε</em></span> <span class='ocrx_word' id='word_1_127' title='bbox 282 2294 452 2361; x_wconf 85' lang='lat' dir='ltr'><strong>accederet</strong></span> <span class='ocrx_word' id='word_1_128' title='bbox 473 2295 623 2382; x_wconf 60' lang='lat' dir='ltr'><strong>mutilem,</strong></span> <span class='ocrx_word' id='word_1_129' title='bbox 646 2294 806 2382; x_wconf 82' lang='lat' dir='ltr'><strong>siquidem</strong></span> <span class='ocrx_word' id='word_1_130' title='bbox 823 2293 1035 2380; x_wconf 89' lang='lat' dir='ltr'><strong>compositum</strong></span> <span class='ocrx_word' id='word_1_131' title='bbox 1056 2291 1089 2356; x_wconf 92' lang='lat' dir='ltr'><strong>id</strong></span> <span class='ocrx_word' id='word_1_132' title='bbox 1110 2303 1195 2358; x_wconf 87' lang='lat' dir='ltr'><strong>esset</strong></span> <span class='ocrx_word' id='word_1_133' title='bbox 1216 2314 1258 2358; x_wconf 88' lang='lat' dir='ltr'><strong>ex</strong></span> 
     </span>
    </p>
   </div>
   <div class='ocr_carea' id='block_1_5' title="bbox 160 2399 1263 2705">
    <p class='ocr_par' dir='ltr' id='par_1_5' title="bbox 160 2399 1263 2705">
     <span class='ocr_line' id='line_1_19' title="bbox 161 2399 1259 2490; baseline -0.002 -22"><span class='ocrx_word' id='word_1_134' title='bbox 161 2424 215 2488; x_wconf 75' lang='lat' dir='ltr'><strong>eqo</strong></span> <span class='ocrx_word' id='word_1_135' title='bbox 237 2401 413 2488; x_wconf 76' lang='lat' dir='ltr'><strong>etquidem</strong></span> <span class='ocrx_word' id='word_1_136' title='bbox 434 2400 495 2468; x_wconf 87' lang='lat' dir='ltr'><strong>:id</strong></span> <span class='ocrx_word' id='word_1_137' title='bbox 517 2401 603 2490; x_wconf 91' lang='lat' dir='ltr'><strong>quod</strong></span> <span class='ocrx_word' id='word_1_138' title='bbox 625 2423 719 2468; x_wconf 86' lang='lat' dir='ltr'><strong>namo</strong></span> <span class='ocrx_word' id='word_1_139' title='bbox 741 2401 838 2468; x_wconf 89' lang='lat' dir='ltr'><strong>hodie</strong></span> <span class='ocrx_word' id='word_1_140' title='bbox 860 2399 1045 2488; x_wconf 81' lang='lat' dir='ltr'><strong>opinabitur</strong></span> <span class='ocrx_word' id='word_1_141' title='bbox 1065 2419 1171 2489; x_wconf 88' lang='lat' dir='ltr'><strong>neque</strong></span> <span class='ocrx_word' id='word_1_142' title='bbox 1192 2400 1259 2488; x_wconf 91' lang='lat' dir='ltr'><strong>opi-</strong></span> 
     </span>
     <span class='ocr_line' id='line_1_20' title="bbox 160 2506 1263 2597; baseline 0 -23"><span class='ocrx_word' id='word_1_143' title='bbox 160 2508 228 2576; x_wconf 88' lang='lat' dir='ltr'><strong>nati</strong></span> <span class='ocrx_word' id='word_1_144' title='bbox 252 2517 345 2587; x_wconf 88' lang='lat' dir='ltr'><strong>eunt,</strong></span> <span class='ocrx_word' id='word_1_145' title='bbox 377 2509 434 2597; x_wconf 91' lang='lat' dir='ltr'><strong>qui</strong></span> <span class='ocrx_word' id='word_1_146' title='bbox 468 2519 582 2574; x_wconf 87' lang='lat' dir='ltr'><strong>contra</strong></span> <span class='ocrx_word' id='word_1_147' title='bbox 610 2508 777 2575; x_wconf 88' lang='lat' dir='ltr'><strong>Handium</strong></span> <span class='ocrx_word' id='word_1_148' title='bbox 808 2508 944 2574; x_wconf 84' lang='lat' dir='ltr'><strong>Turseli.</strong></span> <span class='ocrx_word' id='word_1_149' title='bbox 977 2506 1013 2573; x_wconf 92' lang='grc' dir='ltr'>Π</span> <span class='ocrx_word' id='word_1_150' title='bbox 1044 2512 1106 2572; x_wconf 79' lang='lat'><strong>422</strong></span> <span class='ocrx_word' id='word_1_151' title='bbox 1133 2530 1205 2597; x_wconf 85' lang='lat' dir='ltr'><strong>sqq.</strong></span> <span class='ocrx_word' id='word_1_152' title='bbox 1230 2517 1263 2574; x_wconf 92' lang='lat' dir='ltr'><strong>et</strong></span> 
     </span>
     <span class='ocr_line' id='line_1_21' title="bbox 160 2615 1260 2705; baseline 0.001 -25"><span class='ocrx_word' id='word_1_153' title='bbox 160 2617 248 2704; x_wconf 88' lang='lat' dir='ltr'><strong>apud</strong></span> <span class='ocrx_word' id='word_1_154' title='bbox 278 2615 433 2683; x_wconf 89' lang='lat' dir='ltr'><strong>Plautum</strong></span> <span class='ocrx_word' id='word_1_155' title='bbox 463 2626 561 2704; x_wconf 89' lang='lat' dir='ltr'><strong>atque</strong></span> <span class='ocrx_word' id='word_1_156' title='bbox 594 2616 783 2683; x_wconf 84' lang='lat' dir='ltr'><strong>Terentium</strong></span> <span class='ocrx_word' id='word_1_157' title='bbox 805 2615 853 2702; x_wconf 92' lang='lat' dir='ltr'><strong>(l)</strong></span> <span class='ocrx_word' id='word_1_158' title='bbox 883 2625 917 2683; x_wconf 92' lang='lat' dir='ltr'><strong>et</strong></span> <span class='ocrx_word' id='word_1_159' title='bbox 948 2617 1035 2705; x_wconf 89' lang='lat' dir='ltr'><strong>apud</strong></span> <span class='ocrx_word' id='word_1_160' title='bbox 1068 2615 1260 2684; x_wconf 79' lang='lat' dir='ltr'><strong>Ciceronem</strong></span> 
     </span>
    </p>
   </div>
   <div class='ocr_carea' id='block_1_6' title="bbox 9 2723 1263 2812">
    <p class='ocr_par' dir='ltr' id='par_1_6' title="bbox 9 2723 1263 2812">
     <span class='ocr_line' id='line_1_22' title="bbox 9 2723 1263 2812; baseline -0.002 -20"><span class='ocrx_word' id='word_1_161' title='bbox 9 2777 22 2792; x_wconf 81' lang='grc'><strong><em>,</em></strong></span> <span class='ocrx_word' id='word_1_162' title='bbox 160 2747 225 2790; x_wconf 88' lang='lat' dir='ltr'><strong>non</strong></span> <span class='ocrx_word' id='word_1_163' title='bbox 254 2723 317 2790; x_wconf 91' lang='lat' dir='ltr'><strong>nisi</strong></span> <span class='ocrx_word' id='word_1_164' title='bbox 346 2724 470 2810; x_wconf 83' lang='lat' dir='ltr'><strong>primae</strong></span> <span class='ocrx_word' id='word_1_165' title='bbox 498 2746 655 2812; x_wconf 85' lang='lat' dir='ltr'><strong>personae</strong></span> <span class='ocrx_word' id='word_1_166' title='bbox 678 2723 814 2812; x_wconf 82' lang='lat' dir='ltr'><strong>adjungi</strong></span> <span class='ocrx_word' id='word_1_167' title='bbox 840 2725 982 2812; x_wconf 75' lang='lat' dir='ltr'><strong>aquidum</strong></span> <span class='ocrx_word' id='word_1_168' title='bbox 1003 2723 1263 2791; x_wconf 69' lang='lat' dir='ltr'><strong>vindicaverunt&gt;</strong></span> 
     </span>
    </p>
   </div>
   <div class='ocr_carea' id='block_1_7' title="bbox 160 2829 1263 3885">
    <p class='ocr_par' dir='ltr' id='par_1_7' title="bbox 160 2829 1260 3025">
     <span class='ocr_line' id='line_1_23' title="bbox 160 2829 1260 2920; baseline 0.003 -24"><span class='ocrx_word' id='word_1_169' title='bbox 160 2830 314 2896; x_wconf 85' lang='lat' dir='ltr'><strong>Ritsohel.</strong></span> <span class='ocrx_word' id='word_1_170' title='bbox 342 2830 473 2918; x_wconf 85' lang='lat' dir='ltr'><strong>Proleg.</strong></span> <span class='ocrx_word' id='word_1_171' title='bbox 502 2830 592 2898; x_wconf 82' lang='lat' dir='ltr'><strong>Tria.</strong></span> <span class='ocrx_word' id='word_1_172' title='bbox 612 2854 643 2919; x_wconf 92' lang='lat' dir='ltr'><strong>p.</strong></span> <span class='ocrx_word' id='word_1_173' title='bbox 667 2834 706 2898; x_wconf 87' lang='grc'><strong>76</strong></span> <span class='ocrx_word' id='word_1_174' title='bbox 732 2853 802 2920; x_wconf 87' lang='lat' dir='ltr'><strong>sqq.</strong></span> <span class='ocrx_word' id='word_1_175' title='bbox 830 2841 863 2898; x_wconf 91' lang='lat' dir='ltr'><strong>et</strong></span> <span class='ocrx_word' id='word_1_176' title='bbox 889 2831 1039 2897; x_wconf 85' lang='lat' dir='ltr'><strong>Halmius</strong></span> <span class='ocrx_word' id='word_1_177' title='bbox 1067 2832 1109 2897; x_wconf 90' lang='lat' dir='ltr'><strong>ad</strong></span> <span class='ocrx_word' id='word_1_178' title='bbox 1136 2829 1205 2898; x_wconf 75' lang='lat' dir='ltr'><strong>(lio.</strong></span> <span class='ocrx_word' id='word_1_179' title='bbox 1227 2854 1260 2920; x_wconf 90' lang='lat' dir='ltr'><strong>p.</strong></span> 
     </span>
     <span class='ocr_line' id='line_1_24' title="bbox 163 2935 389 3025; baseline -0.009 -22"><span class='ocrx_word' id='word_1_180' title='bbox 163 2935 246 3004; x_wconf 73' lang='lat' dir='ltr'><strong>Sese</strong></span> <span class='ocrx_word' id='word_1_181' title='bbox 266 2961 296 3025; x_wconf 92' lang='lat' dir='ltr'><strong>p.</strong></span> <span class='ocrx_word' id='word_1_182' title='bbox 319 2939 389 3002; x_wconf 80' lang='lat'><strong>279.</strong></span> 
     </span>
    </p>

    <p class='ocr_par' dir='ltr' id='par_1_8' title="bbox 161 3043 1263 3885">
     <span class='ocr_line' id='line_1_25' title="bbox 244 3043 1263 3132; baseline 0.001 -23"><span class='ocrx_word' id='word_1_183' title='bbox 244 3045 311 3109; x_wconf 83' lang='lat' dir='ltr'><strong>Met</strong></span> <span class='ocrx_word' id='word_1_184' title='bbox 332 3043 464 3109; x_wconf 84' lang='lat' dir='ltr'><strong>affixum</strong></span> <span class='ocrx_word' id='word_1_185' title='bbox 485 3045 591 3132; x_wconf 92' lang='lat' dir='ltr'><strong>Bopp.</strong></span> <span class='ocrx_word' id='word_1_186' title='bbox 614 3044 655 3111; x_wconf 92' lang='lat' dir='ltr'><strong>V.</strong></span> <span class='ocrx_word' id='word_1_187' title='bbox 671 3044 715 3110; x_wconf 79' lang='lat' dir='ltr'><strong>G.</strong></span> <span class='ocrx_word' id='word_1_188' title='bbox 734 3044 752 3111; x_wconf 96' lang='grc' dir='ltr'>Ι</span> <span class='ocrx_word' id='word_1_189' title='bbox 773 3049 837 3111; x_wconf 78' lang='grc'><strong>360</strong></span> <span class='ocrx_word' id='word_1_190' title='bbox 857 3045 985 3112; x_wconf 89' lang='lat' dir='ltr'><strong>dubitat</strong></span> <span class='ocrx_word' id='word_1_191' title='bbox 1004 3067 1081 3110; x_wconf 91' lang='lat' dir='ltr'><strong>num</strong></span> <span class='ocrx_word' id='word_1_192' title='bbox 1102 3045 1263 3112; x_wconf 85' lang='lat' dir='ltr'><strong>ablativus</strong></span> 
     </span>
     <span class='ocr_line' id='line_1_26' title="bbox 161 3150 1262 3239; baseline 0.001 -22"><span class='ocrx_word' id='word_1_193' title='bbox 161 3152 284 3239; x_wconf 85' lang='lat' dir='ltr'><strong>primae</strong></span> <span class='ocrx_word' id='word_1_194' title='bbox 306 3173 462 3239; x_wconf 88' lang='lat' dir='ltr'><strong>personae</strong></span> <span class='ocrx_word' id='word_1_195' title='bbox 485 3150 526 3218; x_wconf 88' lang='lat' dir='ltr'><strong>sit</strong></span> <span class='ocrx_word' id='word_1_196' title='bbox 552 3174 610 3239; x_wconf 90' lang='lat' dir='ltr'><strong>per</strong></span> <span class='ocrx_word' id='word_1_197' title='bbox 631 3152 767 3218; x_wconf 89' lang='lat' dir='ltr'><strong>abusum</strong></span> <span class='ocrx_word' id='word_1_198' title='bbox 796 3153 830 3218; x_wconf 91' lang='lat' dir='ltr'><strong>in</strong></span> <span class='ocrx_word' id='word_1_199' title='bbox 852 3164 977 3220; x_wconf 87' lang='lat' dir='ltr'><strong>ceteras</strong></span> <span class='ocrx_word' id='word_1_200' title='bbox 999 3154 1189 3236; x_wconf 88' lang='lat' dir='ltr'><strong>translatus,</strong></span> <span class='ocrx_word' id='word_1_201' title='bbox 1220 3175 1262 3218; x_wconf 90' lang='lat' dir='ltr'><strong>an</strong></span> 
     </span>
     <span class='ocr_line' id='line_1_27' title="bbox 162 3258 1261 3348; baseline -0.001 -23"><span class='ocrx_word' id='word_1_202' title='bbox 162 3258 203 3325; x_wconf 89' lang='lat' dir='ltr'><strong>ad</strong></span> <span class='ocrx_word' id='word_1_203' title='bbox 223 3284 294 3324; x_wconf 84' lang='lat' dir='ltr'><strong>emo</strong></span> <span class='ocrx_word' id='word_1_204' title='bbox 316 3259 507 3347; x_wconf 85' lang='lat' dir='ltr'><strong>particulam</strong></span> <span class='ocrx_word' id='word_1_205' title='bbox 529 3259 690 3348; x_wconf 84' lang='lat' dir='ltr'><strong>pertineat</strong></span> <span class='ocrx_word' id='word_1_206' title='bbox 705 3260 835 3347; x_wconf 89' lang='lat' dir='ltr'><strong>abjecta</strong></span> <span class='ocrx_word' id='word_1_207' title='bbox 856 3260 962 3347; x_wconf 92' lang='lat' dir='ltr'><strong>prima</strong></span> <span class='ocrx_word' id='word_1_208' title='bbox 976 3283 1119 3326; x_wconf 87' lang='lat' dir='ltr'><strong>consona</strong></span> <span class='ocrx_word' id='word_1_209' title='bbox 1140 3271 1174 3326; x_wconf 88' lang='lat' dir='ltr'><strong>et</strong></span> <span class='ocrx_word' id='word_1_210' title='bbox 1194 3283 1261 3326; x_wconf 89' lang='lat' dir='ltr'><strong>oor·</strong></span> 
     </span>
     <span class='ocr_line' id='line_1_28' title="bbox 162 3366 1261 3454; baseline -0.001 -22"><span class='ocrx_word' id='word_1_211' title='bbox 162 3376 254 3454; x_wconf 88' lang='lat' dir='ltr'><strong>repta</strong></span> <span class='ocrx_word' id='word_1_212' title='bbox 275 3367 389 3451; x_wconf 90' lang='lat' dir='ltr'><strong>vocali,</strong></span> <span class='ocrx_word' id='word_1_213' title='bbox 412 3366 504 3454; x_wconf 88' lang='lat' dir='ltr'><strong>cujus</strong></span> <span class='ocrx_word' id='word_1_214' title='bbox 525 3367 702 3452; x_wconf 89' lang='lat' dir='ltr'><strong>productae</strong></span> <span class='ocrx_word' id='word_1_215' title='bbox 723 3391 765 3433; x_wconf 88' lang='lat' dir='ltr'><strong>ne</strong></span> <span class='ocrx_word' id='word_1_216' title='bbox 787 3390 829 3434; x_wconf 86' lang='lat' dir='ltr'><strong>ex</strong></span> <span class='ocrx_word' id='word_1_217' title='bbox 848 3367 965 3435; x_wconf 89' lang='lat' dir='ltr'><strong>Plauto</strong></span> <span class='ocrx_word' id='word_1_218' title='bbox 987 3368 1116 3454; x_wconf 91' lang='lat' dir='ltr'><strong>quidem</strong></span> <span class='ocrx_word' id='word_1_219' title='bbox 1138 3377 1261 3432; x_wconf 87' lang='lat' dir='ltr'><strong>certum</strong></span> 
     </span>
     <span class='ocr_line' id='line_1_29' title="bbox 162 3472 1260 3563; baseline 0.002 -27"><span class='ocrx_word' id='word_1_220' title='bbox 162 3472 345 3560; x_wconf 87' lang='lat' dir='ltr'><strong>exemplum</strong></span> <span class='ocrx_word' id='word_1_221' title='bbox 373 3474 481 3540; x_wconf 88' lang='lat' dir='ltr'><strong>afferri</strong></span> <span class='ocrx_word' id='word_1_222' title='bbox 508 3485 622 3562; x_wconf 90' lang='lat' dir='ltr'><strong>potest.</strong></span> <span class='ocrx_word' id='word_1_223' title='bbox 664 3475 751 3542; x_wconf 91' lang='lat' dir='ltr'><strong>Illud</strong></span> <span class='ocrx_word' id='word_1_224' title='bbox 777 3498 851 3540; x_wconf 92' lang='lat' dir='ltr'><strong>oum</strong></span> <span class='ocrx_word' id='word_1_225' title='bbox 880 3498 994 3563; x_wconf 87' lang='lat' dir='ltr'><strong>parum</strong></span> <span class='ocrx_word' id='word_1_226' title='bbox 1023 3473 1260 3562; x_wconf 84' lang='lat' dir='ltr'><strong>probabilitatis</strong></span> 
     </span>
     <span class='ocr_line' id='line_1_30' title="bbox 163 3578 1261 3669; baseline 0.005 -27"><span class='ocrx_word' id='word_1_227' title='bbox 163 3578 297 3660; x_wconf 85' lang='lat' dir='ltr'><strong>habeat,</strong></span> <span class='ocrx_word' id='word_1_228' title='bbox 329 3582 432 3647; x_wconf 86' lang='lat' dir='ltr'><strong>altera</strong></span> <span class='ocrx_word' id='word_1_229' title='bbox 459 3581 634 3667; x_wconf 82' lang='lat' dir='ltr'><strong>explicatio</strong></span> <span class='ocrx_word' id='word_1_230' title='bbox 665 3603 730 3647; x_wconf 85' lang='lat' dir='ltr'><strong>una</strong></span> <span class='ocrx_word' id='word_1_231' title='bbox 754 3604 833 3648; x_wconf 87' lang='lat' dir='ltr'><strong>vera</strong></span> <span class='ocrx_word' id='word_1_232' title='bbox 861 3583 938 3648; x_wconf 91' lang='lat' dir='ltr'><strong>mihi</strong></span> <span class='ocrx_word' id='word_1_233' title='bbox 960 3581 1103 3662; x_wconf 84' lang='lat' dir='ltr'><strong>videtur,</strong></span> <span class='ocrx_word' id='word_1_234' title='bbox 1133 3580 1261 3669; x_wconf 83' lang='lat' dir='ltr'><strong>etquis</strong></span> 
     </span>
     <span class='ocr_line' id='line_1_31' title="bbox 163 3687 1260 3777; baseline -0.002 -22"><span class='ocrx_word' id='word_1_235' title='bbox 163 3687 363 3755; x_wconf 87' lang='lat' dir='ltr'><strong>Umbrorum</strong></span> <span class='ocrx_word' id='word_1_236' title='bbox 383 3711 487 3755; x_wconf 85' lang='lat' dir='ltr'><strong>sermo</strong></span> <span class='ocrx_word' id='word_1_237' title='bbox 509 3691 542 3754; x_wconf 92' lang='lat' dir='ltr'><strong>in</strong></span> <span class='ocrx_word' id='word_1_238' title='bbox 564 3713 653 3777; x_wconf 81' lang='lat' dir='ltr'><strong>prora</strong></span> <span class='ocrx_word' id='word_1_239' title='bbox 669 3691 840 3757; x_wconf 89' lang='lat' dir='ltr'><strong>demonstr.</strong></span> <span class='ocrx_word' id='word_1_240' title='bbox 856 3701 889 3756; x_wconf 93' lang='lat' dir='ltr'><strong>et</strong></span> <span class='ocrx_word' id='word_1_241' title='bbox 906 3691 997 3756; x_wconf 83' lang='lat' dir='ltr'><strong>relat</strong></span> <span class='ocrx_word' id='word_1_242' title='bbox 1020 3691 1115 3756; x_wconf 77' lang='lat' dir='ltr'><strong>camsi</strong></span> <span class='ocrx_word' id='word_1_243' title='bbox 1133 3699 1166 3754; x_wconf 84' lang='lat' dir='ltr'><strong>et</strong></span> <span class='ocrx_word' id='word_1_244' title='bbox 1185 3711 1260 3774; x_wconf 71' lang='lat' dir='ltr'><strong>pue</strong></span> 
     </span>
     <span class='ocr_line' id='line_1_32' title="bbox 163 3793 1259 3885; baseline 0.001 -25"><span class='ocrx_word' id='word_1_245' title='bbox 163 3795 229 3860; x_wconf 73' lang='lat' dir='ltr'><strong>mei</strong></span> <span class='ocrx_word' id='word_1_246' title='bbox 253 3803 286 3860; x_wconf 89' lang='lat' dir='ltr'><strong>et</strong></span> <span class='ocrx_word' id='word_1_247' title='bbox 314 3793 460 3860; x_wconf 82' lang='lat' dir='ltr'><strong>Graecus</strong></span> <span class='ocrx_word' id='word_1_248' title='bbox 487 3795 520 3860; x_wconf 91' lang='lat' dir='ltr'><strong>in</strong></span> <span class='ocrx_word' id='word_1_249' title='bbox 545 3799 662 3885; x_wconf 87' lang='lat' dir='ltr'><strong>plurali</strong></span> <span class='ocrx_word' id='word_1_250' title='bbox 689 3798 913 3885; x_wconf 89' lang='lat' dir='ltr'><strong>pronominum</strong></span> <span class='ocrx_word' id='word_1_251' title='bbox 942 3799 1013 3864; x_wconf 90' lang='lat' dir='ltr'><strong>Iet</strong></span> <span class='ocrx_word' id='word_1_252' title='bbox 1040 3797 1076 3864; x_wconf 93' lang='lat' dir='ltr'><strong>II</strong></span> <span class='ocrx_word' id='word_1_253' title='bbox 1102 3819 1259 3885; x_wconf 87' lang='lat' dir='ltr'><strong>personae</strong></span> 
     </span>
    </p>
   </div>
   <div class='ocr_carea' id='block_1_8' title="bbox 165 4151 1261 4309">
    <p class='ocr_par' dir='ltr' id='par_1_9' title="bbox 165 4151 1261 4309">
     <span class='ocr_line' id='line_1_33' title="bbox 233 4151 1261 4222; baseline 0.001 -18"><span class='ocrx_word' id='word_1_254' title='bbox 233 4153 270 4220; x_wconf 92' lang='lat' dir='ltr'><strong>(l)</strong></span> <span class='ocrx_word' id='word_1_255' title='bbox 287 4153 379 4222; x_wconf 86' lang='lat' dir='ltr'><strong>Itaque</strong></span> <span class='ocrx_word' id='word_1_256' title='bbox 402 4169 456 4206; x_wconf 88' lang='lat' dir='ltr'><strong>non</strong></span> <span class='ocrx_word' id='word_1_257' title='bbox 480 4159 537 4205; x_wconf 85' lang='lat' dir='ltr'><strong>erat</strong></span> <span class='ocrx_word' id='word_1_258' title='bbox 560 4168 608 4205; x_wconf 87' lang='lat' dir='ltr'><strong>cur</strong></span> <span class='ocrx_word' id='word_1_259' title='bbox 630 4151 759 4205; x_wconf 82' lang='lat' dir='ltr'><strong>Ribbeck.</strong></span> <span class='ocrx_word' id='word_1_260' title='bbox 781 4151 881 4220; x_wconf 83' lang='lat' dir='ltr'><strong>Turpil.</strong></span> <span class='ocrx_word' id='word_1_261' title='bbox 909 4153 957 4207; x_wconf 79' lang='lat'><strong>150</strong></span> <span class='ocrx_word' id='word_1_262' title='bbox 979 4161 1033 4206; x_wconf 87' lang='lat' dir='ltr'><strong>tam</strong></span> <span class='ocrx_word' id='word_1_263' title='bbox 1054 4153 1178 4222; x_wconf 79' lang='lat' dir='ltr'><strong>religiose</strong></span> <span class='ocrx_word' id='word_1_264' title='bbox 1201 4171 1261 4206; x_wconf 89' lang='lat' dir='ltr'><strong>cum</strong></span> 
     </span>
     <span class='ocr_line' id='line_1_34' title="bbox 165 4237 1225 4309; baseline -0.003 -17"><span class='ocrx_word' id='word_1_265' title='bbox 165 4239 241 4292; x_wconf 84' lang='lat' dir='ltr'><strong>codd.</strong></span> <span class='ocrx_word' id='word_1_266' title='bbox 257 4239 334 4292; x_wconf 86' lang='lat' dir='ltr'><strong>daret</strong></span> <span class='ocrx_word' id='word_1_267' title='bbox 351 4257 358 4290; x_wconf 76' lang='lat' dir='ltr'><strong>r</strong></span> <span class='ocrx_word' id='word_1_268' title='bbox 376 4239 488 4305; x_wconf 79' lang='lat' dir='ltr'><strong>Quando</strong></span> <span class='ocrx_word' id='word_1_269' title='bbox 506 4239 616 4309; x_wconf 61' lang='lat' dir='ltr'><strong>quassa</strong></span> <span class='ocrx_word' id='word_1_270' title='bbox 632 4253 748 4292; x_wconf 86' lang='lat' dir='ltr'><strong>amorem</strong></span> <span class='ocrx_word' id='word_1_271' title='bbox 764 4238 957 4308; x_wconf 74' lang='lat' dir='ltr'><strong>murcapeuno</strong></span> <span class='ocrx_word' id='word_1_272' title='bbox 974 4241 1032 4308; x_wconf 84' lang='lat' dir='ltr'><strong>ipso</strong></span> <span class='ocrx_word' id='word_1_273' title='bbox 1049 4239 1143 4292; x_wconf 82' lang='lat' dir='ltr'><strong>lenivit</strong></span> <span class='ocrx_word' id='word_1_274' title='bbox 1160 4237 1225 4290; x_wconf 87' lang='lat' dir='ltr'><strong>dies.</strong></span> 
     </span>
    </p>
   </div>
   <div class='ocr_carea' id='block_1_9' title="bbox 0 0 1480 4870">
    <p class='ocr_par' dir='ltr' id='par_1_10' title="bbox 0 0 1480 4870">
     <span class='ocr_line' id='line_1_35' title="bbox 0 0 1480 4870; baseline 0 0"><span class='ocrx_word' id='word_1_275' title='bbox 0 0 1480 4870; x_wconf 95' lang='lat' dir='ltr'><strong> </strong></span> 
     </span>
    </p>
   </div>
  </div>
 </body>
</html>
