2946 4870
1165 407 1204 466 31

100 588 227 676 foeteat
247 611 322 654 cum
342 586 485 652 Me'ursio
507 582 649 671 scripsit,
671 583 728 649 sed
747 582 837 649 hiatu
867 591 1045 648 extremum
1072 603 1201 647 versum

7 743 9 782 ,
108 696 248 762 liberare
269 703 398 797 poterat
418 693 539 759 inserto
560 692 633 758 tino
655 715 665 756 ι

151 803 249 868 Nunc
269 802 333 867 hoc
354 800 432 866 mibi
452 800 572 866 factust
592 803 766 886 optumum,
788 807 825 862 ut
845 810 873 863 te
894 798 966 863 binc
989 797 1140 880 auserem,

152 909 248 986 Aula,
269 914 303 974 ln
325 907 418 974 Fidei
439 908 550 974 fanum
571 931 579 975 ε
600 905 645 972 ibi
666 905 853 973 abstrudam
874 904 987 993 probe.

47 1033 51 1042 “
111 1016 198 1083 Men.
220 1018 280 1082 742
301 1017 437 1082 alterum
458 1015 670 1102 gemellorum
692 1014 801 1080 fratris
822 1012 917 1079 uxori
937 1023 1093 1102 tauquam
1113 1012 1207 1078 mari-

110 1134 181 1191 tum
201 1125 309 1212 ipsum
329 1124 509 1212 increpanti
530 1122 610 1188 haec
631 1131 836 1210 regerentem
857 1120 980 1187 faciunt
1000 1121 1076 1188 libri
1097 1143 1104 1184 :

212 1231 319 1312 Quem
338 1240 375 1297 tu
395 1231 557 1297 hominem
577 1251 648 1295 esse
669 1228 837 1311 arbitrare,
857 1228 965 1294 nescio
987 1250 995 1292 ι

211 1337 287 1424 Ego
306 1339 339 1403 te
362 1337 469 1404 simitu
489 1337 563 1404 novi
585 1360 657 1403 cum
678 1336 861 1404 Parthaone
882 1357 891 1399 ι

112 1446 147 1512 in
180 1445 298 1533 quibus
332 1446 455 1532 primae
488 1467 646 1533 personae
680 1444 948 1535 significationem
990 1441 1208 1509 desiderantes

114 1551 254 1618 editores
276 1575 322 1618 me
343 1553 562 1620 accusativum
578 1553 670 1618 vario
683 1553 778 1618 modo
793 1551 977 1634 inliderunt,
999 1549 1038 1616 R.
1054 1559 1086 1616 et
1099 1549 1208 1615 Fleck.

113 1662 181 1726 med
199 1661 252 1728 vel
272 1671 347 1729 aute
369 1663 422 1728 vel
442 1672 515 1750 post
533 1663 702 1747 bominem
725 1661 874 1749 equidem
895 1659 1147 1749 proposuerim:

176 1783 284 1867 Quem
304 1790 466 1855 tutelam
484 1789 638 1856 hminem
660 1810 729 1854 esse
750 1789 918 1871 arbitrare,
943 1787 1061 1870 nescio,

115 1919 193 1978 nota
213 1914 338 2001 primae
365 1935 524 2002 personae
552 1913 747 2002 paraphrasi
790 1909 961 1997 Similiter,
988 1909 1086 1977 utin
1111 1919 1213 1976 trans-

116 2041 212 2085 cursu
237 2042 403 2105 moneam,
432 2044 611 2109 pronomen
636 2023 670 2087 iu
696 2020 786 2088 libris
809 2020 939 2088 omnino
960 2042 1026 2085 non
1048 2026 1211 2086 extantem

116 2126 235 2213 adjecit
255 2150 421 2216 paragoge
442 2139 572 2196 auctum
594 2127 634 2195 R.
656 2129 744 2196 Men.
766 2132 827 2194 646
840 2125 856 2192 ἓ

160 2251 269 2318 Viden
291 2255 341 2318 ted
360 2262 396 2319 ut
417 2253 571 2320 scelestus
589 2259 702 2343 captat
724 2278 731 2319 :
752 2256 828 2320 huic
849 2262 1037 2341 surruptast,
1058 2255 1125 2317 n6n
1145 2249 1214 2316 tibi.

119 2377 254 2463 (Vident
271 2390 305 2442 ut
325 2378 374 2443 Ba
397 2377 468 2464 OD,
498 2379 593 2446 Viden
613 2394 648 2445 ut
667 2381 718 2447 Bb
740 2379 832 2466 FZ);
864 2379 921 2447 sed
949 2399 1067 2467 sequor
1087 2375 1216 2444 Lambi-

118 2508 197 2552 num
218 2508 227 2550 ε
252 2485 376 2571 „Viden
396 2498 429 2562 ut
447 2487 505 2553 te“.
548 2487 635 2555 Men.
657 2493 720 2554 820
740 2513 748 2553 ι

219 2609 294 2676 Tun
316 2632 416 2677 senex
437 2610 484 2678 ais
501 2581 651 2679 babitare
672 2636 718 2678 me
737 2614 774 2679 s‘c
794 2611 895 2678 illisce
915 2611 1049 2678 aedibus

118 2741 180 2827 (sic
202 2741 291 2825 libri,
311 2741 373 2808 uisi
395 2743 483 2832 quod
505 2743 533 2811 C
553 2742 683 2829 merdis)
704 2747 772 2810 med
791 2743 881 2810 dedit
901 2743 952 2827 R,
976 2742 1071 2809 aliem
1092 2739 1219 2808 restitu-

120 2848 251 2932 tionem,
271 2849 306 2914 in
326 2873 390 2940 qua
411 2874 451 2918 ea
471 2852 576 2918 forma
598 2875 680 2940 opus
698 2874 764 2919 uon
782 2861 840 2930 est,
860 2851 1047 2939 praeferens
1068 2851 1102 2916 in
1123 2871 1220 2914 anuo-

8 3029 9 3034 ,
119 2954 243 3022 tatione
274 2981 282 3022 ι
314 2957 373 3023 sed
404 2968 440 3024 ut
470 2959 505 3024 in
535 2960 629 3026 codd.
667 2960 824 3027 memoria
863 2958 1090 3041 subsistamus,
1131 2965 1220 3024 recte

122 3063 329 3132 Camerarius
351 3065 438 3133 fulsit
458 3091 587 3134 versum
608 3069 729 3134 inserto
751 3069 804 3134 tio
823 3077 898 3156 post
919 3089 1096 3155 pronomen
1113 3087 1221 3154 perso-

120 3172 196 3238 nale
216 3195 224 3237 ι
245 3183 403 3241 monstrat
425 3177 510 3240 enim
530 3186 717 3263 praesentes
735 3174 833 3242 aedes
847 3175 1077 3243 Menaechmus
1094 3215 1134 3226 -
1156 3196 1220 3264 quo

122 3277 164 3344 de
195 3302 255 3345 usu
284 3281 481 3368 pronominis
513 3284 569 3349 ille
599 3284 749 3352 Plautino
776 3285 847 3371 jam
879 3291 1005 3351 constat
1025 3321 1086 3369 -,
1115 3304 1221 3371 neque

122 3397 189 3454 tam
221 3389 380 3456 accuratis
414 3389 560 3457 terminis
599 3389 925 3459 demonstrativorum
967 3391 1032 3458 vim
1075 3391 1223 3456 distinxit

122 3504 217 3581 poeta
238 3495 310 3583 (qui
330 3519 361 3560 v.
384 3519 412 3563 c.
435 3495 530 3586 Capt.
554 3501 624 3564 733.
642 3505 683 3564 34
704 3499 842 3565 eundem
864 3499 1023 3565 hominem
1045 3499 1086 3564 ab
1108 3496 1221 3562 eodem

123 3601 245 3668 dictum
265 3604 370 3670 voluit
390 3604 469 3670 bunc
491 3615 523 3672 et
543 3609 655 3688 ismm3
677 3607 763 3674 Rud
779 3613 849 3673 810.
868 3612 901 3672 ll
927 3607 1025 3672 illam
1048 3613 1081 3671 et
1101 3606 1221 3687 iston03

125 3712 215 3776 1056.
238 3713 278 3776 57
299 3711 380 3777 banc
403 3721 436 3778 et
455 3713 572 3797 illoram
592 3711 694 3780 Mero.
716 3719 776 3780 982
799 3715 995 3802 Temperare
1016 3712 1095 3778 tatto
1115 3720 1222 3778 aetate

122 3827 156 3884 tc
175 3817 223 3882 ta
243 3817 380 3886 decebat
400 3819 547 3905 drtibus),
567 3831 689 3889 utnon
710 3831 883 3908 utrumque
906 3821 946 3887 de
967 3819 1080 3886 eade'm
1098 3841 1134 3887 re
1148 3841 1222 3887 con-

123 3924 278 3992 sociatum
300 3925 454 3996 adbibere
481 3930 632 4016 potuerit
681 3931 720 3996 In
750 3927 965 3994 cumulatione
996 3926 1221 3995 adverbiorum

122 4031 187 4100 loci
206 4054 273 4099 nou
286 4033 342 4099 illa
363 4035 493 4122 quidem
516 4035 672 4124 eleganti,
701 4035 759 4102 sed
784 4036 924 4102 fortasse
946 4057 984 4102 eo
1007 4035 1157 4121 consilio,
1187 4046 1223 4102 ut

123 4161 273 4227 campum
300 4139 449 4210 licentiae
475 4142 568 4208 herili
589 4143 656 4210 filio
678 4144 815 4210 liberum
836 4143 982 4210 relictum
1008 4166 1079 4212 esse
1099 4153 1222 4232 specta·

123 4247 248 4314 toribus
269 4247 456 4334 inculcaret,
479 4251 634 4340 quaesita,
658 4273 741 4341 quae
763 4261 811 4317 est
832 4251 952 4320 Bacob.
976 4254 1038 4318 354
1060 4274 1131 4340 sqq.
1153 4273 1160 4314 :
