2946 4870
232 375 274 440 60

232 515 285 620 Ne
307 551 340 618 in
363 551 509 620 oratione
530 551 660 642 obliqua
682 551 811 641 quidem
833 553 954 641 placuit
975 560 1088 640 poetae
1105 551 1351 638 conjunctivus

230 661 612 855 Ru‘iiuddgidcereti..
644 765 681 836 Si
707 765 844 850 amabm,
872 787 984 854 rogas,
1016 764 1094 854 quid
1112 764 1273 852 feceret?

1094 875 1273 940 adserudret

291 983 372 1052 Dies
391 981 572 1070 ndotisque.

231 1089 296 1160 Sed
317 1090 343 1156 ai
365 1090 501 1156 verbum
521 1089 625 1178 ipsum
647 1087 849 1156 necessitatis
871 1086 1107 1176 significatione
1134 1087 1342 1154 instructum

228 1198 262 1265 in
291 1196 424 1285 apodosi
456 1194 641 1281 adhibetur,
671 1196 879 1264 indicativum
904 1196 983 1283 poni
1010 1195 1123 1262 talium
1153 1195 1341 1262 verborum

227 1307 311 1372 ratio
338 1303 452 1392 poscit
503 1304 656 1372 Ceterum
686 1327 758 1370 cum
790 1304 1140 1393 plusquamperfectum
1165 1303 1340 1391 jussivum

228 1435 294 1482 nou
321 1412 462 1480 habeant
492 1412 620 1498 comici,
650 1413 679 1478 ei
706 1413 845 1501 tempori
867 1411 926 1478 soli
947 1412 1005 1477 has
1027 1411 1338 1478 circumlocutiones

229 1542 413 1587 reservasse
435 1518 595 1586 videntur.
638 1519 754 1608 Itaque
784 1517 956 1608 utrobique
982 1517 1175 1585 indicativus
1203 1521 1338 1606 positus

229 1629 316 1696 Men.
341 1631 428 1695 195:

271 1738 358 1804 Nam
374 1737 400 1802 si
415 1737 549 1818 amabas,
561 1735 629 1823 jam
644 1735 803 1820 oportebat
815 1737 928 1802 nisum
942 1737 1098 1820 obreptum
1112 1734 1289 1802 mordicus.

228 1843 517 1926 Poeninum

326 1949 402 2016 Non
424 1948 518 2016 decet
538 1949 727 2015 tumultuari
748 1971 755 2014 :
777 1950 834 2016 sed
855 1949 881 2016 si
902 1948 1096 2036 properabis
1116 1951 1232 2037 magis,

326 2057 437 2124 Pridie
457 2078 516 2123 nos
536 2065 570 2124 te
593 2057 767 2125 advocatos
788 2057 851 2123 hdo
873 2061 998 2124 ducisse
1019 2059 1166 2144 oportuit.

309 2165 480 2234 Lucretius
510 2173 619 2233 autern
649 2165 683 2232 in
716 2164 933 2232 consimilibus
969 2163 1176 2254 periodorum
1212 2165 1327 2232 formis

227 2274 333 2360 verbi,
359 2277 411 2341 cui
438 2274 575 2342 modalis
601 2274 650 2340 vis
677 2283 741 2354 est,
769 2275 978 2341 indicativum
1007 2297 1067 2362 pro
1088 2274 1214 2360 imperf.
1238 2273 1323 2360 conj.

226 2383 325 2449 habet
346 2381 382 2450 Π
403 2384 473 2448 776.
517 2380 575 2449 Sin
597 2381 658 2450 alio
680 2390 778 2469 atque
805 2381 866 2448 alio
897 2395 970 2448 sont
997 2383 1119 2448 semina
1146 2381 1246 2448 tincta
1274 2405 1324 2448 co

227 2493 310 2573 lore,
343 2489 437 2571 Quae
458 2491 556 2557 maris
578 2490 722 2556 efficiunt
742 2512 843 2555 unum
871 2511 1054 2578 purumque
1075 2491 1214 2556 nitorem
1237 2538 1245 2555 .
1268 2538 1277 2554 .
1299 2539 1324 2574 .‚

229 2597 426 2666 Omuenubat
447 2645 455 2662 .
477 2645 517 2662 ..
548 2621 672 2663 cernere
703 2599 737 2664 in
772 2620 913 2686 aequore
949 2597 1101 2686 ponti..
1145 2597 1324 2664 Dissimiles

226 2706 325 2795 longe
345 2704 429 2771 inter
450 2727 485 2770 se
506 2703 678 2792 variosque
700 2705 833 2772 colores.
856 2706 910 2772 HI
932 2711 992 2772 679

326 2815 500 2882 Praeterea
522 2812 548 2878 si
565 2813 634 2901 jam
655 2813 801 2906 perfeeto
823 2836 959 2903 corpore
979 2813 1073 2884 nobis

325 2921 444 2988 Inferri
466 2924 586 2989 solitast
605 2923 703 2990 animi
721 2923 833 2989 vivata
853 2931 1023 3026 potestas·

327 3030 412 3098 rum
435 3053 508 3097 curn
530 3029 696 3119 gignimur
718 3042 751 3098 et
770 3031 856 3097 vitae
879 3055 952 3096 cum
972 3030 1070 3096 limen
1090 3030 1217 3113 inimus,

325 3137 425 3202 Haud
445 3137 491 3202 ita
513 3141 705 3204 conveniebat
723 3141 773 3206 uti
794 3162 868 3204 oum
890 3160 1025 3227 corpore
1045 3147 1080 3204 et
1099 3161 1164 3204 una

326 3240 409 3309 Cum
429 3243 582 3310 membris
603 3245 746 3310 uideatur
767 3248 800 3312 in
823 3247 894 3333 ipso
916 3247 1073 3334 sanguine
1095 3269 1202 3313 cresse
1216 3247 1273 3331 (1).

309 3349 375 3420 sed
399 3349 494 3418 etiam
516 3351 632 3417 sumtio
648 3351 725 3419 fieta
739 3353 946 3440 praecedens,
968 3355 1158 3442 imperfecto
1173 3354 1225 3419 vel
1238 3353 1318 3441 plus·

227 3460 469 3549 quampcrfecto
492 3460 575 3547 conj.
598 3459 790 3548 significata,
818 3460 1012 3552 restringere
1033 3472 1142 3551 potest
1162 3463 1316 3529 actionem

294 3715 331 3784 (1)
350 3717 452 3780 Quibus
474 3719 502 3769 in
525 3717 651 3785 exemplis
668 3720 802 3772 notandus
828 3726 869 3771 ast
885 3721 1043 3772 indicativus
1060 3723 1088 3771 in
1106 3719 1237 3772 afferenda
1253 3733 1314 3770 sum·

225 3801 312 3864 tiene,
335 3818 412 3866 quem
429 3805 485 3870 ipse
507 3810 585 3872 poeta
602 3805 746 3876 improbat3
769 3808 858 3872 itaque
875 3806 899 3857 si
916 3805 1046 3858 addideris
1064 3807 1075 3857 l
1095 3808 1145 3860 645
1164 3825 1171 3857 ε
1189 3807 1255 3858 Nam
1272 3821 1314 3858 our

225 3891 278 3936 tam
294 3887 384 3936 variae
400 3905 443 3940 res
456 3902 557 3958 possem
573 3907 641 3957 esse,
658 3893 776 3959 requiro,
799 3891 841 3942 le
858 3907 910 3943 uno
928 3884 1026 3946 sistant
1042 3893 1098 3960 igni
1113 3908 1231 3960 puroque
1249 3907 1313 3944 orea-

224 3978 291 4023 tae:
309 3986 360 4020 non
379 3975 531 4028 assentieris
557 3979 726 4030 Lachmanno
753 3979 801 4045 qui
826 3977 850 4028 V
878 3981 942 4030 1191
966 3979 1138 4032 indicativum
1160 3981 1188 4031 iu
1211 3977 1313 4047 apodosi

225 4054 366 4109 revocabat
384 4073 390 4106 ε
408 4058 462 4110 Nec
484 4065 586 4114 ratione
610 4065 662 4115 alia
686 4065 808 4116 volucres
831 4071 949 4117 armenta
971 4066 1091 4133 feraeque
1113 4067 1147 4116 Et
1162 4066 1274 4132 pecudes
1290 4069 1312 4116 at

226 4159 309 4212 equae
325 4142 443 4196 maribus
462 4145 598 4206 subsidere
615 4161 717 4218 possent
734 4151 847 4221 (portast
857 4151 906 4220 In),
925 4151 954 4203 si
971 4167 1025 4202 non
1042 4153 1108 4218 ipsa,
1126 4153 1196 4216 quod
1212 4151 1310 4204 illorum

226 4230 311 4308 cubat,
328 4231 400 4286 ardet
416 4228 554 4285 abundans
571 4235 670 4287 Natura
687 4242 714 4288 at
729 4236 858 4290 Venerem
875 4237 1016 4290 salientum
1032 4237 1102 4288 laeta
1118 4241 1250 4303 retractat.
