2946 4870
241 403 281 461 38

248 577 397 666 prohibet
428 597 480 642 me
510 577 563 642 vel
595 577 762 663 utriusque
799 574 988 641 hemistichii
1026 575 1138 642 eodem
1170 577 1352 642 verborum

249 684 361 752 ordine
382 683 538 772 repetitus
564 708 641 750 usus
662 683 758 751 True.
780 683 816 750 ΙΙ
837 690 866 766 4,
889 686 907 748 7
929 706 937 747 τ
960 683 1050 768 „Quo
1077 697 1104 748 te
1130 683 1294 750 aeonion*
1319 696 1354 750 et

249 791 351 860 Stich.
374 796 434 859 626
463 791 536 878 „Ita
563 793 721 878 inparium
748 789 904 858 maamad.
959 787 1024 857 Sed
1058 800 1094 855 ut
1125 811 1246 856 versus.
1272 801 1352 874 stet,

249 899 470 968 additamento
492 921 573 988 opus
595 907 672 965 est:

312 1006 386 1089 Quo
408 1020 436 1072 te
457 1006 603 1072 evertisti
624 1007 761 1092 qaaere?
783 1026 809 1068 ::
831 1003 883 1070 Ita
904 1002 1102 1092 ingenidmst
1121 1027 1237 1070 meum.

248 1117 308 1182 Bis
325 1115 505 1202 composito
525 1113 626 1179 verbo
648 1135 707 1202 pro
730 1112 866 1200 simplici
888 1111 1022 1178 reducto
1044 1114 1275 1180 neccessitate
1299 1116 1355 1179 ted

251 1222 427 1310 recipiendi
447 1244 507 1286 nos
528 1221 733 1286 exsolvimus.
776 1219 897 1306 Amph.
921 1225 981 1284 912
1002 1246 1009 1284 :

311 1329 395 1396 Nam
417 1331 592 1417 numquam
613 1331 787 1417 quicquam
807 1331 880 1394 meo
903 1329 1010 1394 animo
1030 1327 1091 1392 fuit
1115 1327 1257 1416 aegrius,

312 1435 419 1516 Quam
440 1438 612 1524 postquam
633 1435 741 1503 audivi
762 1447 789 1500 te
809 1438 878 1503 esse
900 1435 1052 1500 obiratdm
1073 1433 1160 1498 mihi.

250 1554 283 1610 et
304 1543 380 1613 Cas.
402 1546 437 1611 II
459 1550 488 1628 3,
514 1549 580 1609 19:

312 1645 475 1720 O'bsecro.
499 1650 685 1719 Sinu'nes‘?
708 1675 734 1714 z:
758 1647 863 1716 Sinus
884 1672 982 1737 quam
1003 1649 1055 1716 ted
1075 1672 1147 1716 emo

251 1757 324 1841 (Sic
354 1758 394 1826 B.
427 1758 463 1826 O.
495 1759 563 1823 Pal.
595 1763 624 1821 2.
654 1762 675 1821 4
704 1757 764 1842 qni
791 1771 818 1822 te
845 1757 952 1823 deamo
982 1757 1052 1823 Pal.
1081 1759 1136 1842 3);
1178 1757 1351 1822 scribimus

250 1863 387 1950 „senua
413 1887 507 1950 qnam
537 1871 569 1929 tt
596 1864 768 1948 deamffl,
798 1866 1008 1932 observantes
1028 1866 1063 1930 in
1085 1865 1271 1931 choriambo
1294 1866 1351 1930 ad-

250 1972 347 2036 misso
379 1971 411 2037 id
440 1971 527 2059 quod
548 1970 755 2036 Hermannus
777 1972 828 2038 El.
850 1973 881 2038 d.
902 1996 945 2039 m.
968 1997 997 2061 p.
1021 1979 1081 2038 206
1102 1973 1275 2061 praecipit,
1298 1985 1353 2058 „nt

248 2103 307 2165 per
331 2079 616 2164 pronuntiationem
641 2081 744 2166 maffia
769 2093 893 2166 quernis
917 2104 1013 2166 paeon
1044 2104 1110 2145 ease
1137 2079 1284 2146 uideatur
1304 2083 1354 2146 vel

253 2187 344 2252 etaiam
366 2186 524 2253 manendi
567 2186 617 2253 Ib.
640 2195 747 2252 autem
769 2188 786 2253 I
807 2190 847 2252 49

353 2291 432 2360 Sine
454 2297 569 2362 amabo
592 2303 625 2360 te
646 2294 756 2377 amari,
778 2315 868 2360 meus
889 2293 989 2359 festus
1010 2293 1088 2376 dies,

253 2423 325 2465 cum
346 2403 396 2466 ted
414 2423 480 2466 non
501 2402 622 2468 nitetur
641 2401 732 2467 codd.
754 2401 944 2484 testimonis,
965 2424 1030 2466 non
1051 2411 1117 2467 tam
1136 2403 1351 2490 compositum

251 2529 441 2573 revocamus
471 2531 567 2595 quam
596 2509 723 2576 duabus
750 2509 864 2574 litteris
890 2508 1035 2596 repetitis
1055 2532 1151 2574 unam
1174 2509 1351 2576 addimus:

353 2612 431 2681 Sine
452 2615 568 2680 amabo
591 2625 623 2680 te
643 2640 663 2679 a
684 2616 860 2699 naamani,
882 2638 973 2681 meus
994 2617 1094 2683 festus
1116 2616 1193 2682 dies.

252 2721 369 2811 Neque
390 2720 480 2788 Asin.
502 2725 563 2786 632

314 2831 401 2897 Hinc
421 2833 493 2896 med
512 2839 671 2898 amantem
694 2852 735 2896 ex
757 2829 891 2897 aedibus
913 2830 1009 2917 ejecit
1029 2831 1125 2918 hujus
1146 2834 1249 2898 miter

255 2942 341 3023 (mad
359 2939 399 3020 B,
421 2963 467 3005 me
488 2941 664 3005 clamantem
685 2940 752 3006 rell
770 2940 870 3023 Pall.;
892 2949 960 3006 tum
982 2942 1089 3026 delepa't
1110 2939 1216 3022 codd.)
1238 2937 1353 3004 vitium

253 3069 295 3112 ex
320 3046 558 3133 praepositione
586 3047 627 3112 ad
656 3069 834 3134 pronomen
857 3058 996 3114 retracta
1025 3058 1131 3114 ortum
1159 3049 1352 3135 putaverim,

255 3151 312 3218 sed
334 3151 422 3216 modo
445 3153 643 3236 adverbium,
666 3154 753 3240 quod
770 3176 835 3219 non
849 3177 923 3220 raro
939 3154 1058 3220 excidit
1074 3155 1128 3239 (cf.
1143 3178 1174 3220 v.
1191 3179 1218 3220 c.
1234 3155 1351 3222 Pseud.

253 3264 322 3326 716.
364 3257 482 3346 Amph
505 3260 581 3343 897)
614 3261 835 3346 praemiserim
856 3284 864 3325 τ
885 3261 971 3328 Hinc
992 3266 1103 3328 modo
1122 3287 1178 3329 me
1197 3275 1353 3330 amantem

254 3394 290 3435 ea
317 3369 441 3435 nedibus
472 3369 560 3458 {jecit
590 3369 683 3456 hujus
714 3373 817 3436 miter.
872 3369 1114 3440 Obtestantium
1148 3372 1354 3438 exclamatio-

252 3501 310 3543 nes
333 3500 429 3564 quam
452 3499 547 3565 saepe
567 3501 587 3542 a
608 3477 746 3544 librariis
766 3480 1012 3567 praetermissae
1039 3479 1121 3564 sint,
1154 3503 1227 3546 cum
1256 3503 1351 3568 quae-

253 3584 302 3650 vis
322 3585 432 3655 fabnla
454 3587 648 3653 documento
670 3609 740 3652 esse
761 3587 871 3674 possit,
893 3612 958 3655 non
973 3589 1034 3654 erit
1049 3587 1203 3655 audacius
1221 3610 1280 3676 pro
1302 3609 1351 3670 eo,

255 3690 343 3777 quod
364 3702 510 3762 tacentes
532 3696 573 3760 de
595 3695 686 3762 codd.
708 3695 832 3762 Parcus
855 3706 887 3762 et
907 3697 1045 3762 Bothius
1067 3696 1236 3764 ediderunt
1257 3693 1350 3781 Epid.

253 3795 284 3861 V
310 3803 335 3880 1,
358 3803 425 3864 23:

294 3903 388 4076 {aec
410 3905 524 3995 edepol
546 3914 706 3979 remorata
726 3913 795 3978 med
814 3918 864 3978 est
884 3933 910 3976 ::
935 3909 1102 3998 Siquidem
1131 3912 1223 3978 istius
1247 3912 1350 4016 gratia

324 4031 339 4074 s
360 4023 540 4080 remoratus
561 4063 569 4080 .
593 4066 601 4083 .
625 4068 632 4086 .

252 4139 444 4205 reponemus
466 4143 474 4185 ε
497 4137 667 4202 „remorata
687 4139 779 4193 mest
800 4151 827 4195 :t
849 4127 931 4207 Pol,
954 4125 1122 4214 anaidem
1145 4173 1153 4190 .
1177 4175 1185 4191 .
1207 4173 1214 4189 .
