2946 4870
211 515 335 584 Latinis
356 511 518 582 insolitam
545 533 693 580 servasse
719 523 793 580 cum
813 512 993 580 Mommsen
1015 514 1056 582 U.
1077 513 1119 578 D.
1138 536 1169 600 p.
1189 517 1254 578 ’135
1275 523 1312 580 61

212 624 297 711 apud
314 608 412 692 Jahn.
441 621 505 688 Dic
527 621 615 688 ficor.
632 619 723 688 (lists
743 645 775 710 p.
790 626 830 686 41
848 621 982 708 judicat,
1004 621 1220 688 accusativum
1240 626 1313 688 med

210 739 375 800 mutuatum
397 751 466 796 esse
486 728 698 796 demonstrari
719 737 841 817 potest,
863 737 972 794 tamen
991 729 1153 797 hominem
1171 728 1311 819 Campa-

210 861 288 905 num
310 837 491 904 differentia
510 837 685 903 accusativi
708 845 740 902 ot
763 834 897 902 ablativi
918 835 1014 904 facile
1035 837 1148 924 fugere
1168 845 1307 924 poterat.

292 983 321 1046 5.
357 977 545 1046 Transimue
576 977 617 1042 ad
648 977 817 1042 testimonie
846 979 1135 1064 prammctr'corum,
1170 999 1307 1065 quorum

210 1088 331 1175 duplex
362 1107 465 1173 genus
492 1094 543 1150 est
563 1108 571 1149 :
594 1084 730 1150 alterum
760 1084 847 1172 quod
875 1085 995 1152 diserte
1027 1088 1147 1152 termas
1176 1095 1307 1152 nostras

210 1193 297 1283 apud
318 1193 469 1259 Plautum
495 1191 562 1280 legi
583 1193 691 1276 docet,
721 1193 858 1258 alterum
880 1195 967 1280 quod
989 1195 1022 1260 in
1041 1195 1176 1260 aliarum
1198 1203 1307 1259 rerum

211 1301 515 1368 commemoratione
531 1301 604 1366 illas
619 1301 772 1366 exhibere
792 1302 928 1367 videtur.
972 1301 1020 1368 Ut
1035 1303 1075 1368 ab
1093 1303 1155 1368 hoc
1176 1301 1307 1388 incipia-

209 1432 296 1492 mus,
327 1409 377 1476 bis
405 1407 524 1475 Festus
551 1408 772 1475 accusativum
799 1411 848 1473 ted
872 1408 1028 1496 praebere
1055 1407 1197 1475 Mttllero
1218 1409 1305 1474 visus

209 1525 280 1584 est:
302 1539 334 1605 p.
355 1521 415 1582 205
437 1515 471 1580 in
491 1517 631 1584 carmine
653 1515 791 1584 Saliari:
814 1529 926 1603 „pretet
945 1518 1088 1582 tremonti
1100 1529 1305 1603 praetemom.

205 1624 265 1712 pe“
282 1625 446 1692 :restituit
459 1623 639 1690 Mullorus:
658 1648 771 1710 „prae
792 1637 845 1689 tet
864 1626 1055 1690 tremonti
1071 1650 1082 1690 .·
1101 1637 1309 1710 proetremurrt

211 1732 288 1797 te“:
316 1732 350 1798 id
378 1731 465 1817 quod
493 1731 608 1796 collato
640 1731 727 1798 Ter.
745 1729 869 1798 Scauro
898 1731 938 1796 de
967 1731 1110 1819 orthogr.
1138 1754 1169 1820 p.
1196 1737 1273 1797 2261
1299 1757 1306 1796 :

212 1839 326 1925 „Meae
344 1861 444 1924 ponas
461 1837 629 1904 5616611116
649 1851 828 1922 praetexere
848 1837 961 1904 meme*
983 1839 1097 1926 Bergk
1112 1837 1307 1924 (Commeat.

211 1948 252 2014 de
278 1969 376 2012 carm.
407 1945 472 2014 Sal.
500 1946 591 2034 reliq.
624 1945 729 2014 Marb.
756 1946 903 2030 1847148)
932 1947 1091 2033 probavit.
1135 1945 1200 2014 Sed
1228 1947 1309 2012 nihil

211 2053 299 2142 cogit
327 2064 363 2121 ut
392 2077 465 2119 cum
493 2053 633 2120 Mtlllero
662 2053 703 2119 ad
724 2053 810 2120 Fest.
832 2077 864 2141 p.
886 2059 942 2118 411
967 2054 1018 2119 ted
1041 2077 1101 2142 pro
1124 2055 1307 2121 accusativo

210 2162 404 2237 habeamus,
434 2184 507 2228 cum
525 2185 606 2248 prae
634 2162 830 2250 praepositio
852 2184 956 2249 aequo
973 2162 1049 2250 jure
1071 2162 1216 2248 regimen
1237 2163 1308 2228 soli·

211 2279 279 2335 tum
298 2293 430 2337 servare
451 2293 549 2359 quam
570 2273 619 2336 ted
638 2294 657 2337 a
678 2271 835 2336 dissecato
863 2271 964 2336 verbo
992 2271 1210 2356 praetremorrtr‘
1233 2293 1309 2359 pen-

212 2377 289 2443 dere
319 2377 383 2443 dici
409 2378 519 2466 possit.
568 2377 685 2467 Neque
713 2377 818 2465 magis
847 2379 930 2444 ruod
956 2381 1020 2463 ted,
1051 2378 1137 2466 quod
1169 2378 1309 2445 Messala

211 2485 297 2552 Fest.
316 2508 346 2571 p.
362 2489 419 2551 351
444 2486 491 2552 ait
510 2508 580 2552 esse
602 2489 649 2552 aie
669 2499 696 2550 te
717 2485 935 2551 accusativum
956 2487 1089 2572 agnosci
1107 2485 1213 2572 jubet.
1245 2487 1308 2552 Re·

211 2600 276 2657 stat
296 2591 426 2657 tertium
448 2593 640 2679 exemplum,
664 2592 749 2680 quod
770 2592 804 2657 in
822 2585 980 2658 Varronis
1002 2601 1111 2658 satura
1133 2593 1309 2682 Menippea

211 2691 397 2782 Zarouo‘xlo
417 2697 503 2766 Gall.
525 2697 615 2764 XIH
637 2706 676 2764 22
698 2700 768 2785 (23)
797 2697 983 2766 Gronovius
1011 2709 1042 2766 61
1063 2699 1244 2766 Mommsen
1266 2701 1308 2768 U.

212 2809 254 2874 D.
277 2832 308 2896 p.
333 2814 391 2876 136
417 2809 532 2896 legunt
554 2834 561 2872 :
583 2808 673 2896 „Tea
692 2809 787 2874 Aureo
808 2807 987 2892 Perenuo“3
1017 2807 1074 2874 sed
1096 2807 1167 2894 quis
1189 2829 1308 2895 quaeso

213 2917 251 2981 ad
276 2917 434 2982 Varronis
455 2925 582 3005 tempus
600 2939 694 2984 usum
715 2917 883 3006 antiquae,
915 2916 943 2981 si
964 2915 1012 2982 dis
1034 2916 1158 3002 placet,
1185 2914 1309 2982 formae

213 3043 395 3108 propagare
417 3025 500 3089 ausit
510 3023 537 3094 1.
571 3024 715 3092 Seueriia
736 3024 906 3111 descripsit
925 3024 1078 3088 Hertzius
1098 3024 1204 3089 locum
1225 3048 1234 3088 r

318 3145 362 3210 Te
382 3146 480 3211 Anne
502 3143 745 3234 [adraanus
768 3147 881 3212 Panda
902 3156 943 3230 tc,
965 3145 1058 3230 Lato,
1082 3146 1187 3230 Pales,

312 3249 471 3318 Nerienee
494 3250 549 3340 [et]
571 3253 731 3338 Minerva,
752 3254 897 3320 Fortuna
918 3255 957 3319 ac
978 3253 1078 3319 (leros
1099 3275 1107 3318 τ

214 3387 249 3445 at
270 3399 336 3444 non
356 3387 443 3443 recte
466 3376 615 3443 distraxit
636 3381 670 3445 in
691 3379 773 3446 duas
798 3401 951 3467 personas
972 3379 1101 3446 Annam
1129 3379 1310 3448 Perennem

215 3489 304 3568 (nam
332 3485 373 3552 de
393 3510 431 3552 ac
451 3485 588 3574 trajecto
611 3495 696 3553 certe
722 3511 786 3554 non
816 3487 1007 3576 cogitabat),
1039 3508 1144 3574 neque
1172 3489 1250 3575 quid
1276 3489 1309 3554 in

213 3615 347 3660 numero
369 3594 502 3661 dearum
522 3593 695 3660 latinarum
708 3595 791 3662 Lato
809 3596 870 3662 sibi
883 3596 962 3662 velit
976 3595 1192 3684 perspicitur:
1214 3619 1310 3684 quam

214 3700 356 3787 eleganti
378 3701 602 3770 emendatione
623 3703 761 3770 removit
781 3705 803 3770 l.
819 3728 845 3770 c.
867 3703 1050 3770 Mommsen
1068 3704 1237 3772 scribendo
1260 3729 1267 3767 :

353 3826 425 3895 Ted
446 3819 552 3894 A'nna
573 3827 730 3913 Perenna,
752 3828 875 3908 Panda,
899 3827 989 3913 Gela,
1011 3830 1044 3895 16
1065 3828 1169 3898 Ρ6166.

212 3949 286 4017 Hac
305 3949 407 4040 igitur
427 3953 527 4020 ascita
547 3955 623 4024 vide
650 3979 692 4022 ne
716 3955 866 4046 dactylici
893 3956 957 4023 sint
985 3956 1125 4038 numeri,
1151 3952 1214 4019 hoc
1240 3951 1308 4020 fere

213 4060 361 4149 exemplo
382 4083 390 4124 ε
