2946 4870
1172 451 1211 514 53

200 619 285 690 Sunt
306 645 345 690 ea
365 645 431 689 non
452 623 558 688 minus
580 645 676 712 saepo
693 624 810 712 jussivi
833 663 874 676 -
901 625 934 692 id
957 627 1044 716 quod
1065 627 1211 718 Krtiger.

115 727 298 796 Grammat.
328 733 348 812 ξ
369 733 428 796 459
450 755 482 797 n.
506 737 524 796 2
546 733 713 821 perspexit
738 771 794 814 —,
828 756 925 822 quam
956 757 1039 824 quae
1066 736 1100 802 in
1129 760 1212 804 sum-

114 837 191 904 tivis
223 836 388 903 sententiis
419 839 573 926 leguntur
602 839 814 928 hujusmodi:
837 855 889 927 „ot
909 842 1033 909 dores
1054 843 1131 910 lone
1150 849 1213 912 oa‘m

114 947 164 1011 M.
187 944 303 1012 Crasso
324 970 334 1010 .·
354 951 384 1011 ia
398 947 478 1033 foro
499 949 644 1013 saltaret“
668 975 675 1013 :
699 973 783 1038 quae
797 949 901 1018 forma
915 951 948 1017 in
963 960 1108 1038 tempore
1120 976 1211 1041 prae

114 1055 211 1120 terito
242 1053 327 1119 idem
357 1053 445 1120 valet
479 1054 565 1143 quod
593 1054 627 1121 in
653 1058 816 1144 praesenti
842 1057 922 1124 haee
954 1084 962 1123 :
995 1060 1115 1144 „Clade
1142 1061 1212 1128 loire

114 1163 237 1227 tutelam
258 1186 268 1226 .·
289 1151 375 1226 sulm
395 1185 462 1228 rem
482 1165 585 1228 melius
605 1164 770 1253 pe'ssera't.“

197 1267 366 1335 Pertinent
386 1268 448 1334 huo
469 1259 566 1358 porro
595 1294 660 1337 non
687 1294 790 1358 panea
818 1273 966 1362 exempla
996 1294 1038 1340 ex
1060 1274 1105 1341 eis
1127 1295 1211 1362 quae

113 1399 201 1442 nune
234 1376 396 1443 nonnullis
429 1378 627 1464 oonjunotivi
663 1381 872 1468 interroyuta'oi
900 1380 1058 1446 videntur.
1123 1381 1211 1462 Quid

116 1505 237 1572 quaeso
259 1484 503 1572 interrogationi
526 1508 696 1552 commune
718 1495 861 1553 osteum
882 1487 1005 1554 modo?
1048 1489 1125 1556 Pari
1136 1492 1211 1576 jure

112 1592 254 1681 loquaris
284 1593 322 1658 de
351 1594 556 1679 conjunctivo
579 1593 772 1661 affirmativo
802 1604 834 1661 et
861 1595 1028 1684 negativo.
1092 1597 1210 1686 Itaque
1258 1649 1262 1656 .

111 1699 274 1786 jussivum
296 1700 502 1788 agnoscimus
523 1702 557 1767 in
571 1701 620 1768 his
635 1703 830 1769 oomioorum
845 1703 993 1770 versibus
1015 1727 1022 1768 ε
1044 1705 1135 1772 Trin.
1154 1707 1211 1774 176

155 1807 276 1875 Utrum
297 1807 439 1876 indicare
461 1831 512 1876 me
535 1812 566 1874 el
587 1809 795 1877 thensaurum
815 1813 953 1899 aequom
974 1810 1060 1877 fuit?
1082 1835 1106 1879 τε

155 1917 210 1980 Au
230 1937 292 2003 ego
314 1917 411 1983 tlium
433 1917 597 1983 dominum
616 1921 742 2004 paterer
762 1918 833 1986 fieri
852 1918 902 1986 his
924 1917 1084 1986 aedibus?

114 2027 172 2089 961

506 2131 612 2212 Quem
634 2135 696 2220 ego
719 2134 774 2221 qui
796 2133 837 2198 sit
857 2133 954 2198 homo
976 2133 1085 2200 neseio
1125 2131 1127 2138 ’

156 2235 273 2324 Neque
294 2239 394 2306 oculis
416 2247 493 2306 ante
513 2241 599 2306 hune
621 2241 706 2308 diem
726 2264 879 2330 umquam
901 2241 977 2326 vidi,
1001 2242 1073 2308 eine
1095 2265 1210 2309 aurum

810 2349 982 2414 criduem?

113 2451 211 2518 Most.
233 2456 294 2520 452

155 2559 210 2626 An
231 2564 268 2626 tri
289 2561 426 2650 tetigisti
447 2561 506 2628 has
528 2561 640 2630 aedis?
663 2587 687 2630 ::
711 2561 803 2645 Quor
822 2587 887 2631 non
909 2567 1084 2650 temperem?
1128 2613 1130 2618 ,

115 2666 211 2735 Cure.
234 2671 295 2734 552

156 2775 293 2843 Stultior
314 2777 420 2843 stultis
441 2775 540 2861 fuisti,
563 2779 620 2865 qui
641 2777 691 2844 his
713 2777 839 2846 tabellis
862 2777 1008 2844 crederes
1029 2801 1051 2844 t:

157 2882 239 2963 Qun
261 2904 312 2950 res
333 2884 462 2972 publiea
483 2886 515 2951 et
536 2884 664 2973 privata
686 2885 820 2972 geritur,
840 2884 890 2950 his
911 2908 976 2951 non
998 2887 1171 2951 ere‘derem?

114 2991 189 3058 Ter.
211 2989 297 3056 Eun.
320 2991 351 3057 V
377 2998 402 3075 l,
428 2997 466 3056 14

153 3097 296 3164 Istucine
317 3098 523 3166 interminato
543 3119 614 3164 sum
635 3098 711 3164 hino
733 3098 845 3164 abiens
866 3098 926 3168 tibi
948 3123 975 3166 ::

611 3205 707 3289 Quod
725 3207 894 3296 facerem?

114 3315 177 3381 Ad.
200 3314 237 3382 II
259 3320 329 3399 2,6
385 3395 386 3400 γ

155 3422 242 3503 Quid
257 3423 426 3510 facerem?
447 3445 472 3489 ::
492 3413 713 3492 A'dulesoenti
733 3429 858 3492 morem
879 3434 1007 3513 gestum
1028 3423 1181 3511 oportuit.

117 3593 234 3604 ...ᾐ-

180 3685 310 3738 Continuo
329 3695 355 3738 et
371 3687 492 3738 lacrumis
511 3686 646 3753 oppletos
665 3685 751 3739 totrim
769 3688 827 3753 sibi,

180 3775 216 3826 Ut
233 3773 311 3825 facile
329 3776 408 3825 scires
426 3773 555 3824 desiderio
573 3774 600 3825 id
618 3773 678 3826 sieri
698 3792 705 3824 ι

111 3862 137 3911 in
160 3861 296 3912 enuntiato
320 3861 507 3924 consecutivo,
530 3866 560 3910 ut
577 3861 658 3914 Andr.
676 3861 690 3911 1
710 3865 738 3924 1,
758 3864 807 3912 108
835 3859 955 3913 &oderes
978 3865 1005 3912 et
1026 3861 1104 3912 seiros
1125 3861 1209 3912 Loeh-

112 3963 222 3998 mannus
244 3946 279 3997 ad
301 3945 407 3997 Lueret.
434 3961 458 4009 p.
477 3948 525 3998 297
553 3948 669 3998 restituit
692 3947 786 3997 Heaut.
810 3947 872 4009 12,
892 3949 932 4010 18,
950 3946 998 3998 Ad.
1018 3947 1038 3994 V
1059 3949 1088 4010 3,
1106 3949 1139 3997 43
1158 3964 1164 3996 τ
1182 3952 1209 3996 et
1239 3963 1244 3972 “

112 4033 225 4098 profecto
243 4033 289 4082 vix
305 4031 367 4082 lieet
384 4032 508 4083 moderat
526 4031 665 4083 defendere
682 4046 761 4082 versu
769 4031 898 4092 Mummii,
917 4032 1097 4084 Atellanarum
1114 4037 1209 4101 pottue

112 4117 205 4170 incerti
222 4119 360 4184 temporis,
384 4117 430 4169 sed
448 4119 494 4182 qui
511 4118 648 4169 minimum
671 4123 777 4169 eentum
796 4119 871 4170 annis
889 4119 1007 4170 Terentii
1023 4125 1106 4170 aetate
1124 4120 1209 4170 minor

112 4213 157 4270 est,
174 4205 244 4271 apud
261 4203 355 4256 Charis
373 4221 398 4271 p.
418 4205 467 4255 145
485 4205 511 4254 K
532 4221 538 4255 ι

179 4285 228 4342 A'd
244 4287 431 4358 speoaoula'st
448 4290 536 4341 videre
554 4290 581 4341 iu
601 4287 670 4342 testu
687 4297 814 4356 quantum
832 4289 868 4343 sit
885 4297 971 4360 eaput.
