2946 4870
236 379 275 440 12

316 557 434 644 Itaque
456 579 529 622 cum
547 556 790 644 antiquissimus
805 556 918 639 codex,
941 555 995 643 qui
1010 555 1126 644 quinte
1137 556 1191 622 vel
1206 564 1333 644 questo,

234 673 271 729 nt
291 663 400 750 potius
421 663 599 730 Ritschelio
621 663 750 750 Proleg.
771 669 837 750 p.8
858 662 996 746 videtur,
1019 664 1146 731 saeculo
1169 675 1332 746 exaratus,

234 781 341 837 aetate
366 771 505 838 fortasse
532 773 653 858 major,
682 781 769 838 certe
797 795 862 838 non
883 772 989 836 minor
1008 781 1058 837 est
1079 771 1205 837 duobus
1226 793 1333 858 gram-

233 879 368 964 maticis,
390 880 445 968 qui
459 880 574 946 Plauto
592 879 708 946 dubias
725 880 900 945 accusativi
920 879 1041 945 formes
1061 879 1225 946 vindicare
1244 879 1333 945 vide

233 987 369 1070 bantur,
398 996 529 1075 spernat
557 1007 610 1052 eas
633 1013 640 1053 :
662 988 785 1076 aliquid
806 1009 883 1053 sane
904 986 980 1052 fidei
1005 1009 1115 1052 rursus
1136 988 1184 1052 cis
1205 986 1334 1054 accedit

234 1119 276 1161 ex
306 1093 490 1161 testimonio
523 1094 651 1160 Veteris
681 1095 810 1162 Codicis
839 1103 872 1160 et
900 1117 1026 1178 eornm,
1057 1094 1113 1182 qui
1145 1117 1185 1160 ex
1216 1095 1332 1163 eodem

232 1204 322 1268 fonte
344 1201 533 1268 secundario
555 1203 729 1270 fluxerunt.
772 1203 869 1269 Locis
891 1202 962 1291 plus
985 1209 1081 1288 que'm
1104 1201 1332 1291 quadraginta,

233 1311 351 1398 quibus
379 1309 413 1374 in
439 1309 608 1376 Ritschelii
631 1310 784 1392 editione,
813 1310 842 1376 b
865 1332 891 1374 e.
913 1309 1140 1398 manuscriptis
1161 1310 1333 1376 denuoin·

234 1418 370 1505 9999119,
403 1427 572 1506 porrectus
604 1418 807 1485 accusativus
837 1439 1006 1484 concessus
1036 1427 1100 1501 est,
1131 1416 1172 1482 V.
1202 1417 1238 1483 0.
1266 1441 1333 1485 nen

233 1524 360 1612 saepius
383 1549 481 1614 quam
507 1526 625 1614 septies
659 1525 833 1592 auctoritas
864 1524 1010 1592 adhiberi
1038 1533 1165 1612 poterat
1196 1525 1331 1604 (Bacch.

234 1635 305 1701 357.
327 1636 397 1700 511.
421 1638 489 1698 908.
523 1631 625 1700 Stich.
648 1636 717 1700 756.
753 1633 841 1699 Μ99.
857 1632 929 1698 720.
951 1637 1020 1697 942
1055 1633 1155 1698 Mero.
1171 1631 1203 1698 V
1222 1638 1253 1716 4,
1276 1639 1331 1716 233

234 1751 343 1830 spreto
363 1752 412 1807 est
433 1742 550 1808 Pseud.
574 1741 658 1827 523),
679 1741 725 1807 ita
745 1740 890 1827 quidem,
917 1751 954 1806 ut
982 1761 1065 1826 quse
1091 1763 1195 1829 prava
1214 1761 1332 1806 vocum

235 1848 397 1914 distinctio
417 1847 569 1935 frequens
597 1847 629 1912 in
651 1871 690 1915 eo
712 1857 775 1931 est,
804 1849 836 1913 D
858 1849 1049 1936 plerumque
1071 1849 1219 1936 sequenti
1238 1870 1331 1914 voca-

235 1958 311 2023 bulo
332 1957 513 2044 praefixum
536 1958 584 2022 eit
627 1957 689 2022 His
711 1957 861 2023 omnibus
883 1979 956 2022 cum
976 1957 1028 2022 vel
1050 1956 1258 2043 conjunctum
1278 1957 1332 2021 vel

236 2064 420 2152 discrepans
441 2065 526 2130 inter
547 2087 581 2129 se
602 2063 819 2130 testimonium
842 2073 1022 2130 ceterarum
1036 2064 1207 2130 Ritsehelii
1227 2063 1332 2150 copia·

234 2195 306 2238 rum
333 2173 505 2238 accesserit
532 2171 683 2259 (excepto
714 2169 816 2238 Stich.
838 2171 861 2236 l.
884 2172 937 2258 e),
965 2182 1039 2238 sunt
1070 2181 1135 2238 tres
1164 2172 1243 2251 1991,
1275 2169 1332 2235 ubi

234 2280 368 2348 eaedem
389 2289 503 2345 eontra
523 2279 553 2345 B
574 2279 790 2367 paragogicas
811 2279 933 2344 formas
955 2279 1189 2362 commendent,
1211 2277 1331 2344 Bacch.

234 2391 284 2452 61.
319 2387 436 2453 Pseud.
463 2387 548 2452 1212.
581 2385 669 2452 Μ99.
692 2391 762 2452 820.
806 2386 1019 2452 Necnonin
1040 2386 1157 2452 fabulis
1178 2385 1331 2452 951991(-

234 2495 342 2559 eiseno
377 2494 444 2559 solo
477 2495 582 2560 adhuc
613 2494 778 2559 recensitis
809 2494 893 2559 inter
923 2492 1058 2579 triginta
1089 2494 1152 2559 tria
1181 2494 1332 2581 exempla

234 2602 332 2668 tertia
358 2609 484 2666 tantum
511 2623 586 2687 pers
613 2599 759 2665 codicum
785 2600 850 2666 fide
871 2600 997 2683 nititur,
1027 2600 1146 2688 Amph.
1166 2607 1237 2666 434.
1260 2603 1330 2666 435.

235 2714 305 2776 999.
348 2707 443 2795 capt.
464 2711 535 2773 499.
579 2705 676 2774 euro.
701 2712 728 2772 1.
759 2710 828 2773 999.
870 2706 960 2773 Asin.
983 2713 1032 2772 20.
1060 2713 1129 2773 632.
1161 2713 1228 2773 163.
1258 2712 1329 2774 999.

136 2877 138 2880 .
234 2823 294 2884 536
315 2841 323 2882 :
344 2816 503 2906 siquidem
532 2816 664 2881 credere
690 2815 766 2880 licet
792 2813 915 2896 Pereo,
942 2814 1030 2901 quod
1061 2817 1095 2880 in
1120 2816 1182 2882 hoc
1209 2837 1330 2902 genere

235 2947 333 3013 quam
354 2924 569 3013 periculosum
590 2923 641 3007 sit,
665 2924 769 2989 elucet
789 2945 819 2988 v,
836 2947 863 2989 e.
880 2945 923 2989 ex
939 2922 1066 2989 collatio
1087 2922 1187 3011 ipsius
1209 2933 1241 2988 et
1262 2922 1331 2989 Rit-

235 3032 347 3097 schelii
369 3032 630 3098 adnotationibus
652 3030 693 3096 ed
714 3029 801 3095 Men.
828 3029 915 3112 1072,
937 3029 994 3098 ubi
1014 3031 1107 3095 Per:
1130 3030 1213 3116 „ted
1233 3053 1329 3108 9999,

234 3139 298 3204 Sic.
328 3141 427 3222 Mea,
458 3163 521 3204 999
552 3161 635 3203 9999
662 3139 722 3202 te“.
767 3138 798 3202 R
821 3160 828 3202 :
852 3149 911 3220 „te
939 3159 1026 3202 9999
1056 3135 1202 3220 ΒΟΝ,
1223 3159 1330 3226 neque

236 3265 362 3332 semper
383 3244 540 3327 Peneum,
561 3243 618 3309 ubi
639 3253 749 3310 tacens
771 3244 811 3309 de
831 3242 921 3309 libris
942 3243 1009 3308 suis
1029 3246 1099 3308 med
1118 3253 1150 3309 et
1171 3248 1220 3310 ted
1239 3265 1331 3332 repo-

235 3350 307 3436 suit,
330 3374 440 3420 eorum
462 3373 593 3416 manum
615 3361 868 3439 repraesentare,
891 3359 1026 3439 apparet
1052 3372 1093 3416 ex
1116 3352 1217 3437 ejusd.
1242 3357 1331 3437 1011,

235 3461 291 3528 951
318 3461 391 3527 med
419 3459 459 3526 de
492 3481 549 3525 suo
582 3457 709 3524 dedisse
737 3459 907 3525 Ritsehelii
938 3457 1144 3525 adnotatione
1174 3460 1331 3547 arguitur.

236 3569 360 3634 Parcus
385 3567 522 3654 denique
552 3587 593 3632 ex
621 3567 650 3632 B
671 3567 831 3654 recepisse
856 3589 890 3633 99
911 3568 1113 3634 accusativos
1134 3568 1208 3634 med
1228 3577 1261 3632 et
1281 3567 1334 3632 ted

234 3684 374 3742 testetur
393 3674 489 3763 Epid.
511 3673 565 3741 ΙΠ
587 3680 620 3752 2,
642 3679 692 3738 42.
728 3680 762 3757 3,
784 3680 812 3740 9.
857 3671 1047 3758 (199.ΙΙ3,
1072 3678 1117 3740 19.
1163 3674 1259 3740 Trne.
1281 3674 1332 3740 IV

235 3789 264 3865 4,
287 3789 324 3866 63
355 3784 473 3850 tacitus
494 3781 615 3871 recepit
635 3780 731 3868 Epid.
753 3781 808 3848 111
832 3787 863 3865 4,
883 3787 933 3846 21.
970 3781 1054 3860 Vl,
1074 3787 1122 3846 23.
1158 3781 1259 3848 Ρο99.
1281 3781 1332 3848 IV

236 3896 264 3972 2,
287 3895 337 3957 62.
379 3889 434 3956 Ex
460 3891 509 3957 his
535 3901 641 3958 eutem
670 3889 750 3956 loeis
779 3889 902 3976 aliquot
922 3911 999 3954 mox
1021 3890 1207 3955 ostendetur
1228 3889 1332 3956 detre-

234 3997 358 4064 hendos
381 4019 468 4082 9999,
497 3999 618 4088 quippe
646 3999 680 4066 in
710 3997 827 4086 quibus
855 3996 986 4064 elisione
1015 4019 1080 4064 non
1107 3995 1246 4064 admisse
1267 4019 1333 4065 non

236 4113 336 4173 steret
355 4127 477 4172 versus.
521 4104 656 4174 Ceteros
677 4116 785 4172 eutem
808 4125 918 4170 omnes
935 4104 1095 4172 erroribus
1108 4103 1332 4192 imperitorum

235 4212 439 4282 librariorum
467 4215 655 4303 deturpatas
683 4235 754 4282 9999
782 4213 838 4300 qui
865 4211 942 4306 mihi
969 4211 1118 4296 credent,
1146 4232 1212 4278 non
1233 4231 1331 4300 posco
