2946 4870
292 523 382 598 I'nde
403 529 443 598 de
463 529 673 618 hippodromo
695 529 729 595 et
748 528 911 616 palaestra
932 526 989 592 ubi
1008 527 1196 596 revenisses
1214 530 1373 616 domum,

291 635 473 706 Glneticulo
495 643 697 726 praecinctus
717 635 751 702 in
766 636 845 702 sella
858 635 945 723 dpud
959 637 1149 722 magistrum
1165 639 1373 706 adedera:

250 744 307 812 sed
334 745 410 812 licet
436 747 534 814 etiam
562 743 706 832 protasin
727 744 947 812 continuatam
968 753 1108 812 statuere
1128 767 1190 832 per
1214 747 1371 814 alterum

249 875 379 922 versum
401 865 433 920 et
454 875 537 937 eum,
558 851 614 940 qui
634 852 720 918 hunc
741 850 862 939 excipit
883 876 890 918 :

291 953 316 1028 l
319 961 352 1028 bi
373 961 489 1029 librum
505 983 603 1050 quom
623 961 760 1047 legeres,
780 960 809 1026 si
824 981 922 1024 unam
936 961 1138 1047 peccavisses
1154 954 1366 1049 sy'llabam:

250 1081 288 1138 ut
307 1069 457 1158 spodosis
477 1091 563 1136 nune
586 1067 714 1135 demum
734 1065 867 1154 incipiat
887 1089 895 1130 :
1252 1057 1259 1070 '

291 1176 394 1242 Fiam
413 1175 536 1242 corium
556 1178 624 1240 tam
644 1174 852 1256 maculosum,
876 1176 1004 1262 qudmat
1028 1173 1160 1240 nutricis
1181 1176 1344 1262 pallium.

333 1281 453 1350 Similis
481 1291 530 1350 est
548 1281 720 1350 cumulatio
742 1280 959 1348 membrorum
980 1281 1235 1368 praemissorum
1257 1284 1361 1352 Pera

250 1395 308 1458 eol
331 1411 401 1479 sqq.

333 1498 429 1588 Oapt
450 1501 509 1564 871

548 1605 614 1670 Abi
635 1604 751 1670 stultus
772 1629 780 1667 :
803 1606 875 1668 sero
897 1613 971 1690 post
991 1608 1118 1690 tempus
1138 1603 1233 1672 venis
1256 1631 1283 1672 :z

291 1703 406 1802 I'gitur
427 1713 502 1782 olim
524 1710 551 1778 si
571 1711 775 1794 edocuissem,
797 1708 899 1800 megia
923 1719 960 1776 tu
979 1720 1050 1777 tum
1070 1712 1153 1778 istuc
1174 1715 1312 1780 dumea.

331 1821 420 1888 Dicit
440 1821 599 1909 parasitus
621 1841 699 1886 sane
728 1841 801 1884 eum
821 1818 987 1902 nuntium,
1016 1842 1112 1908 quem
1136 1821 1207 1906 jam
1229 1823 1274 1887 de
1297 1822 1356 1890 ad·

248 1937 349 1994 ventu
369 1926 426 1994 filii
447 1928 576 2011 afferat,
604 1936 672 1994 tam
702 1926 758 1993 diu
780 1936 969 2015 exoptatum
996 1928 1109 2013 fuisse,
1139 1939 1191 2012 ut,
1219 1930 1355 1996 etiamsi

248 2035 351 2100 multo
372 2042 447 2101 aute
468 2055 541 2100 cum
562 2055 600 2100 co
622 2034 756 2119 venerit,
776 2045 885 2103 temen
905 2044 997 2122 pater
1014 2057 1086 2103 sero
1100 2037 1214 2103 venire
1235 2037 1352 2106 dicere

248 2140 405 2211 debuerit

330 2250 425 2340 Epid.
446 2250 500 2320 HI
520 2257 539 2316 3
560 2251 605 2318 in.

346 2357 423 2424 Non
445 2360 509 2426 cris
532 2381 629 2426 causa
650 2357 743 2424 medo
766 2357 911 2424 homines
930 2362 1067 2447 aequdm
1088 2359 1150 2424 fuit

348 2465 419 2534 Sibi
439 2465 559 2532 habere
580 2467 755 2553 speculum,
774 2465 830 2532 ubi
852 2470 887 2532 6s
908 2467 1162 2554 contemplarent
1182 2489 1287 2552 suum,

348 2570 414 2638 Sed
434 2572 468 2636 id
491 2578 547 2659 qui
567 2572 749 2659 perspicere
769 2577 900 2660 pdseent
920 2598 975 2648 cor
996 2575 1181 2662 sapientiae.

345 2678 414 2746 Ubi
433 2677 468 2743 id
487 2684 692 2765 inspeciatam,
714 2682 879 2766 repeterent
899 2685 1021 2770 pdstea,

345 2786 456 2855 Vitam
475 2791 513 2853 ut
532 2786 690 2858 vixissent
711 2788 787 2855 olim
807 2788 841 2854 in
862 2788 1080 2856 adulescentia
1100 2813 1108 2854 :

244 2919 320 2962 nam
351 2917 545 2983 quamquam
579 2897 641 2962 hoc
671 2920 760 2964 mere
792 2897 1057 2964 condicionaliter
1084 2896 1205 2966 dictum
1236 2898 1339 2964 videri

188 3088 191 3094 Ι
245 3003 354 3091 possit,
376 3013 485 3070 temen
505 3005 702 3092 praecedens
722 3029 847 3092 aequom
861 3005 933 3094 fait
953 3006 1156 3072 commendat
1171 3007 1336 3092 juseivum.

327 3109 640 3198 Plusquamperfecti
677 3113 995 3181 circumlocutionem
1036 3137 1096 3200 per
1131 3113 1336 3180 indicativum

245 3214 434 3298 verborum,
465 3217 581 3302 quibus
609 3221 797 3302 necessarii,
826 3219 923 3306 justi,
954 3221 1048 3308 aequi
1069 3222 1118 3288 vis
1139 3222 1236 3307 inest,
1264 3233 1335 3310 post

245 3325 438 3392 sumtionem
459 3323 526 3390 ficti
547 3324 647 3393 habes
668 3347 676 3404 ς
698 3325 817 3392 Bacch.
840 3332 910 3394 818.

344 3433 442 3500 Hunc
463 3433 490 3500 si
508 3433 593 3500 ullus
616 3432 693 3500 deus
715 3437 842 3520 amdrct,
862 3437 934 3525 plus
956 3444 1048 3504 annis
1070 3438 1192 3522 decem,

342 3542 420 3608 Plus
436 3543 507 3636 jam
527 3541 643 3630 viginti
661 3544 807 3610 minuam
829 3569 892 3613 ecee
912 3558 1046 3633 oportet

245 3648 348 3753 Stich.
370 3650 431 3716 512
524 3743 530 3754 ς

284 3757 329 3822 Et
347 3758 453 3844 magis
472 3782 535 3844 par
548 3758 662 3844 faerit
680 3781 733 3824 me
754 3759 846 3829 vobis
861 3761 938 3827 ddrc
952 3785 1064 3828 cenam
1079 3762 1328 3846 advenientibus,

286 3860 393 3940 Quam
415 3865 457 3930 od
479 3866 569 3932 illum
589 3887 641 3932 mc
662 3872 861 3953 promittere,
878 3869 908 3935 ei
921 3867 984 3935 nisi
997 3873 1106 3938 oollam
1123 3869 1328 3941 advorsa-ier.

244 3967 319 4034 Ter.
341 3968 462 4036 Hcaut.
484 3971 535 4040 IV
558 3978 584 4056 1,
607 3980 642 4039 21

889 4087 917 4149 si
938 4105 1048 4152 meum

342 4173 525 4271 I'mperium
549 4193 666 4272 exequi
687 4189 843 4270 voluisses,
864 4196 1073 4280 interemptam
1092 4194 1227 4280 cpc'rtait.
