2946 4870
1195 385 1232 446 21

141 557 314 626 lenissimis
335 553 614 623 emendationibus
636 553 806 624 dissentire
827 578 863 622 se
883 558 1132 646 significaverit,
1164 565 1240 630 nolo

141 666 291 756 equidem
330 687 350 729 a
383 661 584 730 Lachmanni
621 673 793 752 praecepto
829 666 1043 752 patrocinium
1076 670 1239 758 suscipere

140 763 253 841 nostro
275 771 395 855 versui,
418 793 516 860 quam
538 793 610 837 cum
634 769 763 838 codices
783 771 828 840 ita
848 773 1024 861 praebeant

183 881 221 950 Si
243 878 329 969 apud
350 903 397 944 me
417 879 548 961 esuru's,
569 877 648 944 mihi
670 877 746 945 dari
763 884 894 967 operam
916 883 1007 964 volo,

141 1011 247 1079 neque
280 1009 353 1054 oum
381 987 501 1053 Bothio
534 995 749 1076 transponens
781 1011 906 1075 operam
935 993 1006 1054 dart
1032 993 1096 1057 volo
1133 993 1237 1058 malos

140 1106 291 1163 accentus
330 1095 500 1180 inveham,
543 1118 650 1186 neque
678 1119 752 1162 cum
783 1097 896 1164 Fleck.
926 1101 1101 1188 subrepere
1133 1099 1237 1176 sinam

141 1214 324 1293 suspectam
346 1205 485 1272 formam
505 1204 580 1271 mod
599 1227 606 1269 :

181 1311 219 1378 si
241 1319 320 1399 aput
342 1313 410 1377 me'd
429 1312 576 1395 essuru's,
598 1310 677 1376 mibi
698 1311 795 1377 dicari
818 1313 950 1399 operam
971 1310 1044 1380 volo
1066 1336 1074 1378 :

140 1417 196 1486 sed
223 1417 364 1506 probans
393 1417 480 1506 quod
509 1417 651 1484 restitnit
680 1416 787 1483 dicari
811 1418 900 1502 (nam
929 1420 1016 1507 quod
1043 1420 1165 1488 Donat.
1195 1422 1237 1490 ad

139 1525 215 1594 Ter.
237 1525 368 1592 Phorm.
390 1526 408 1592 I
430 1532 458 1603 2,
484 1531 520 1589 12
540 1523 698 1613 praecipit
720 1548 727 1590 :
750 1524 875 1590 dicutur
894 1539 1056 1613 perpetuo,
1080 1529 1171 1594 datar
1191 1531 1239 1596 od

138 1645 252 1719 tempus
272 1656 281 1697 r
303 1632 336 1699 id
358 1641 390 1699 et
411 1655 449 1699 eo
470 1633 543 1720 ipso
565 1633 635 1699 loco
661 1639 694 1698 et
715 1631 822 1698 Plaut.
845 1633 962 1700 Bacch.
985 1657 1014 1699 v.
1038 1639 1099 1701 994
1119 1637 1238 1702 refuta-

137 1741 216 1825 tur),
238 1740 345 1807 scribo

180 1847 217 1915 Si
239 1857 319 1936 aput
340 1870 389 1913 me
409 1847 439 1912 ds
460 1866 599 1930 essurus,
621 1845 699 1912 mihi
719 1845 818 1913 dicari
840 1849 970 1934 operam
992 1849 1076 1914 volo.

140 1955 265 2024 Contra
300 1957 386 2045 quod
417 1956 502 2022 inter
526 1956 674 2042 exempla
705 1954 824 2042 longae
851 1956 973 2022 vocalis
1006 1967 1081 2024 ante
1104 1958 1237 2026 brevem

138 2061 297 2152 syllabam
307 2061 424 2129 hiantis
432 2062 661 2128 Lachmannus
676 2062 717 2127 ad
724 2062 822 2129 Lucr.
837 2085 868 2151 p.
876 2069 937 2128 388
953 2065 1047 2130 affert
1063 2064 1158 2155 Oapt.
1175 2071 1237 2134 534

179 2171 277 2236 Nunc
293 2169 377 2235 enim
391 2191 469 2235 vero
485 2191 548 2256 ego
564 2169 688 2236 decidi:
706 2179 783 2236 eunt
798 2171 838 2236 ad
853 2173 902 2235 ted
913 2171 1033 2255 hostes,
1056 2161 1236 2261 Ty‘ndare:

138 2286 171 2343 et
182 2278 334 2344 adversus
346 2278 439 2344 codd.
451 2287 619 2344 extensum
629 2299 809 2366 pronomen
816 2288 983 2367 receptum
999 2289 1047 2346 est
1063 2291 1095 2346 et
1108 2291 1237 2369 praeter

137 2385 362 2453 necessitatem
383 2399 453 2452 eant
472 2385 608 2452 verbum
628 2384 662 2451 in
683 2407 780 2451 unam
798 2387 956 2474 syllabam
970 2387 1131 2454 coalescit.
1168 2387 1234 2457 Sed

136 2493 255 2561 rectius
272 2494 451 2582 jambicum
473 2492 675 2560 octonarium
696 2492 774 2560 fecit
795 2493 897 2558 Fleclr
919 2518 927 2559 ε

176 2601 353 2668 Enimuero
375 2624 462 2667 nunc
484 2622 545 2688 ego
567 2601 671 2666 decidi
692 2625 700 2667 :
722 2603 800 2667 eunt
819 2600 861 2666 ad
882 2613 909 2666 te
922 2601 1040 2687 hostes,
1061 2593 1234 2692 Ty'ndare.

222 2714 268 2775 12.
311 2709 449 2777 Restant
469 2730 591 2793 versus,
612 2707 644 2774 in
664 2707 781 2797 quibus
795 2731 869 2774 cum
884 2732 1059 2776 concursus
1072 2710 1234 2776 vocalium

138 2817 287 2884 excusari
307 2839 373 2883 non
394 2819 506 2905 possit,
526 2818 580 2882 vel
601 2817 665 2882 alia
684 2817 810 2905 plenior
831 2818 1007 2884 accusativi
1029 2819 1133 2884 forma
1146 2819 1236 2884 resti·

5 2919 7 2952 s
137 2923 259 2993 tuenda
296 2933 346 2990 est
381 2923 435 2989 vol
466 2924 529 2989 alio
568 2924 640 2988 loco
679 2924 879 3011 corruptelae
916 2924 1008 2990 sedes
1040 2925 1233 3014 quaerenda

136 3033 246 3120 Atque
267 3031 351 3098 msbs
373 3030 520 3118 quidem,
553 3029 640 3120 quod
661 3029 693 3096 in
714 3030 912 3118 tragicorum
944 3031 1033 3097 libris
1061 3033 1181 3120 legisse
1202 3057 1236 3101 se

136 3162 196 3230 pro
217 3163 266 3204 mo
287 3139 387 3205 tradit
407 3137 634 3223 Quintilianus,
656 3138 717 3205 etsi
738 3160 804 3203 non
824 3148 913 3205 recte
928 3137 1069 3206 (lorssen
1083 3141 1123 3208 A.
1138 3141 1180 3208 V.
1195 3143 1233 3208 Β.

136 3249 172 3314 Π
196 3253 253 3316 162
284 3247 424 3313 eundem
463 3247 609 3312 dativum
637 3245 827 3313 distractum
860 3269 931 3313 esse
962 3250 1143 3338 suspicatus
1176 3259 1237 3334 est,

136 3357 227 3443 cujus
241 3378 290 3422 me
304 3364 504 3422 contractam
525 3353 662 3420 formam
674 3355 923 3443 habeatp.Fest.
942 3360 1010 3440 161,
1033 3380 1106 3422 curn
1127 3357 1236 3444 potius

136 3453 356 3530 accusativum
377 3465 430 3530 vel
452 3463 630 3530 ablativum
651 3465 684 3528 in
706 3464 944 3530 constructione
965 3463 1112 3530 adhiberi
1130 3485 1235 3551 posse,

137 3570 193 3636 nbi
214 3592 289 3636 usus
309 3571 455 3636 dativum
481 3569 677 3659 requireret,
708 3569 853 3638 indicare
878 3572 978 3638 vellet
1006 3569 1235 3659 grammaticus

137 3677 263 3745 duobus
292 3699 376 3766 quae
403 3678 498 3743 affert
528 3677 704 3765 exemplis,
738 3715 771 3727 -
796 3701 862 3746 non
892 3678 990 3744 modo
1025 3677 1101 3767 quia
1134 3678 1236 3745 mirae

136 3787 259 3854 formae
288 3785 446 3852 rationem
473 3784 608 3852 reddere
634 3807 700 3853 non
725 3808 876 3875 possum,
909 3786 966 3851 sed
993 3786 1080 3873 quod
1110 3787 1234 3853 nullum

138 3896 207 3982 ejus
240 3893 414 3983 vestigium
447 3903 583 3982 apparet
613 3893 703 3980 (nam
733 3894 785 3959 cui
812 3893 845 3960 id
874 3893 1022 3960 videatur
1041 3893 1129 3961 Men.
1156 3900 1236 3960 1044

137 4001 176 4070 Β.
198 4001 236 4069 Ο.
258 4003 353 4068 lectio
376 4023 534 4067 servare:
561 4025 583 4066 o
604 4025 649 4066 me
669 4003 777 4068 babeat
802 4024 861 4090 pro
892 4023 930 4066 eo
961 4004 1048 4090 quod
1076 4003 1236 4070 sententia

137 4110 266 4198 flagitat
286 4131 394 4198 neque
415 4129 467 4174 ers
487 4108 522 4174 in
544 4129 582 4173 eo
603 4130 716 4174 versus
738 4110 809 4176 loco
828 4108 951 4199 spernit
972 4136 980 4177 ε
1000 4135 1022 4176 o
1042 4136 1090 4178 me
1109 4111 1235 4195 ubearr)

139 4219 259 4284 auxilio
281 4239 400 4284 vocare
421 4237 487 4282 non
508 4215 622 4282 audeo.
