2946 4870
236 359 277 424 dd

237 535 285 604 dit
305 533 337 602 V
357 535 417 603 376
438 537 512 622 ,qtss‘
531 533 616 621 (aer)
635 533 706 600 aiei
730 543 837 602 watra
860 531 996 620 Corpora
1016 535 1231 600 retribuat
1260 536 1372 600 robae

237 655 453 732 recreetque
466 643 601 728 picentia,
635 641 748 709 Omnia
760 643 833 731 piam
853 641 986 708 resolata
1007 640 1145 722 forent
1163 653 1195 708 et
1213 641 1251 708 in
1274 653 1370 708 ae'ra

238 749 359 818 cerro!¹
402 750 562 818 Praesens
582 749 612 816 h.
635 750 656 816 1.
679 747 814 816 eandem
836 747 1079 816 excusationem
1099 749 1223 833 hebet,
1248 771 1367 837 quam

238 859 346 928 Plcut.
369 855 464 926 Oura.
486 858 508 924 l.
530 880 558 924 o.
580 881 589 923 ι
609 855 671 924 nisi
698 864 753 923 ae'r
781 865 937 945 perpetuo
965 855 1000 922 in
1020 878 1059 922 eo
1082 867 1183 941 esset,
1217 867 1258 923 ut
1284 879 1367 922 cor·
1439 929 1440 934 ἵ

238 989 320 1058 pora
345 966 553 1048 retribueret,
582 965 653 1052 jam
681 963 736 1030 diu
763 964 797 1031 in
825 972 900 1030 ae'ra
928 984 1023 1030 versa
1051 971 1167 1030 essent.
1215 961 1365 1045 Quarto

239 1076 329 1160 loeo,
360 1073 417 1143 nbi
446 1073 537 1140 verbi
572 1071 757 1161 potentialis
790 1070 986 1138 indicativus
1020 1072 1127 1138 locum
1156 1071 1365 1160 imperfecti
1439 1137 1440 1140 ,

239 1180 325 1268 conj.
339 1179 373 1246 in
394 1178 529 1269 apodosi
551 1177 648 1268 cepit,
670 1179 706 1246 11
731 1185 819 1265 1033,
840 1179 911 1268 ipse
934 1179 1070 1248 Goebel.
1087 1177 1225 1259 Quaest.
1241 1179 1359 1248 Lucr.

240 1285 452 1354 crit.Sc1isb.
477 1289 556 1354 1867
588 1311 620 1376 p.
645 1293 684 1354 18
708 1288 908 1356 Lachmanni
937 1287 1194 1355 emendationem
1229 1301 1361 1357 contra

160 1391 166 1402 ’
240 1393 457 1484 Bernaysium
502 1395 679 1463 sollennem
720 1397 877 1462 rationem
917 1394 1140 1462 restituentem
1183 1396 1357 1466 defendit.

240 1501 362 1570 Versus
390 1511 466 1570 sunt
498 1525 506 1569 t
541 1503 680 1588 ,Omnia
708 1525 788 1590 qeeoe
815 1526 896 1570 canc
928 1507 958 1569 ei
981 1505 1122 1589 primam
1156 1505 1358 1570 mortalibus

241 1621 370 1677 retent
399 1609 685 1697 (testimonii),
716 1609 952 1697 Eaimprooiao
983 1611 1018 1676 si
1042 1611 1127 1678 ciret
1152 1611 1272 1699 adjecta
1298 1635 1354 1678 re-

238 1729 335 1802 perite,
359 1718 449 1798 Quid
468 1723 567 1807 anapia
587 1718 637 1783 iris
656 1717 748 1783 redas
765 1729 924 1806 poterat
942 1718 1087 1784 mirobrie
1104 1717 1206 1782 dicit“
1252 1719 1353 1806 Apo

242 1823 335 1890 dosiu
366 1834 474 1892 mente
505 1823 719 1913 supplendum
749 1835 860 1892 censet
886 1823 1024 1893 Goebel.
1058 1847 1177 1910 ,omnes
1205 1826 1353 1891 dicem.-

240 1931 323 1996 niiad
339 1943 466 2016 poterat
490 1931 666 1998 mir-obstate
694 1933 875 2018 excapitari‘
905 1957 912 1998 ε
942 1933 1000 1998 sed
1027 1932 1099 1998 dici
1125 1929 1257 2019 scripsit
1277 1933 1351 1999 Lu·

242 2035 358 2104 cretius
386 2059 394 2102 ε
422 2035 513 2106 vides
536 2059 633 2128 quam
661 2039 807 2128 ineptum
836 2041 877 2107 sit
905 2041 1173 2128 supplementum.
1217 2040 1350 2128 Imper

240 2146 361 2214 fectum
383 2145 416 2213 in
437 2146 560 2236 protasi
580 2146 799 2214 necessarium
820 2147 898 2213 mihi
918 2148 1057 2214 videtur.
1099 2147 1187 2214 Nam
1207 2146 1241 2212 in
1264 2148 1349 2213 duo-

241 2255 302 2322 bus
322 2253 484 2344 prioribus
505 2256 585 2322 locis
613 2278 680 2322 non
701 2256 734 2321 in
763 2276 799 2321 re
827 2254 959 2343 abipso
982 2255 1059 2322 ficta
1079 2277 1232 2343 praesens
1255 2256 1344 2342 conj.

241 2364 349 2452 posuit
376 2372 487 2452 potita,
521 2362 579 2430 sed
610 2363 644 2430 id
676 2364 765 2450 quod
794 2362 855 2452 ipsi
886 2385 1000 2429 verum
1029 2373 1062 2429 et
1089 2371 1182 2428 extra
1211 2384 1345 2428 omnem

242 2471 475 2538 dubitationem
495 2471 637 2559 positum
650 2471 780 2538 videtur
801 2492 842 2536 ex
862 2492 983 2554 eorum,
1007 2471 1063 2559 qui
1080 2477 1213 2557 negant,
1233 2479 1343 2537 menta

242 2577 375 2666 negavit
397 2603 405 2642 ε
426 2579 489 2643 hoc
507 2601 584 2645 vero
605 2579 677 2644 loco
699 2577 749 2657 id,
781 2579 868 2667 quod
888 2578 959 2644 fieri
992 2601 1058 2645 non
1086 2577 1205 2666 possit,
1236 2577 1341 2665 fingit.

243 2686 381 2754 Servate
409 2683 510 2772 igitur
540 2697 652 2769 essere,
680 2684 714 2750 in
742 2685 843 2752 altero
870 2707 966 2752 versu
993 2685 1046 2752 vel
1067 2706 1140 2751 cum
1160 2685 1340 2774 Bernaysio

242 2817 307 2862 uon
322 2795 431 2882 inepte
445 2794 566 2862 scribas
583 2794 654 2860 aiae
668 2794 804 2882 sabjecta
823 2805 956 2880 repente,
977 2793 1039 2876 vel,
1060 2801 1096 2858 ut
1115 2800 1222 2859 motus
1244 2792 1340 2860 animi

244 2903 385 2970 siderum
415 2901 522 2968 subito
552 2901 885 2989 exsplendescentium
914 2909 1048 2989 aspectu
1077 2901 1210 2966 effectus
1236 2901 1339 2988 magis

243 3011 397 3077 efferatur
418 3033 426 3075 :
449 3033 486 3076 ee
515 3009 683 3098 impreviso
711 3015 809 3076 simitu
836 3009 952 3096 objecto
977 3019 1100 3094 repente
1119 3034 1130 3074 .·
1152 3008 1261 3074 simtu
1287 3008 1338 3074 ad-

243 3114 391 3182 verbium
419 3116 535 3183 Plauto
566 3117 739 3199 familiare,
769 3117 961 3184 aTerentio
990 3125 1149 3203 spretum,
1181 3115 1338 3182 invenitur

243 3222 331 3314 opud
351 3221 511 3288 Lucilium
533 3231 565 3290 et
585 3224 620 3289 in
640 3222 733 3288 titulo
755 3247 782 3290 a
805 3222 922 3290 CXXI
944 3245 972 3288 a.
996 3221 1034 3291 Ο.

328 3331 437 3398 Oetall.
460 3333 479 3395 6
500 3328 543 3394 in.
561 3329 631 3416 jam
660 3329 802 3396 Haasius
829 3340 943 3398 eontra
970 3331 1151 3419 Reisigium
1181 3329 1259 3396 scite
1287 3330 1335 3396 de

241 3438 345 3510 t'endit
372 3440 528 3506 librorum
557 3437 777 3526 scripturam:
799 3437 926 3524 „Fieri
956 3439 1089 3505 deliciae
1116 3451 1183 3504 taes
1213 3438 1334 3520 Catullo,

242 3549 312 3616 Nei
329 3550 409 3616 siat
428 3547 572 3636 dlapidoe
592 3559 681 3634 cepae
701 3547 904 3634 ieeleqoatee,
944 3547 1071 3613 Vellea
1096 3546 1199 3613 dicere
1219 3569 1273 3612 neo
1292 3558 1334 3611 to-

245 3677 312 3722 cere
326 3657 493 3743 poesea.“
523 3654 590 3724 Sed
604 3662 654 3739 23,
674 3661 712 3720 22
738 3655 830 3735 Quod
848 3667 879 3720 tu
893 3654 1072 3721 simonibus
1092 3667 1190 3720 teras
1202 3651 1335 3740 fricas·

245 3783 310 3847 que,
332 3762 406 3830 Nora
426 3786 568 3850 amquam
589 3765 719 3852 dipitem
740 3764 904 3851 inquinare
929 3785 1068 3848 posaeo
1090 3786 1098 3827 ε
1120 3760 1334 3848 imperfectum

243 3867 327 3934 tueri
355 3891 422 3936 non
450 3869 574 3954 ausim,
603 3893 678 3936 nam
706 3869 800 3936 vetica
821 3878 854 3937 et
869 3892 976 3956 posses
998 3891 1025 3936 c.
1048 3873 1067 3935 6
1088 3889 1146 3957 per
1167 3867 1334 3956 conjuncti-

243 3995 320 4040 vum
340 3977 618 4068 enuntiatum,
649 3978 725 4068 quie
749 3975 820 4070 ipsa
842 3976 993 4065 cupiendi
1014 3985 1047 4044 et
1068 3975 1197 4042 valendi
1224 3975 1332 4064 signiti-

243 4081 328 4150 catio
350 4106 370 4149 a
392 4083 579 4154 condicione
601 4085 826 4174 suspenditur;
854 4082 933 4152 dicit
954 4083 1038 4152 enim
1060 4091 1158 4172 po‘eta
1179 4106 1251 4151 eam
1272 4105 1332 4150 esse

242 4199 390 4257 naturam
419 4189 528 4275 amici,
557 4203 608 4276 ut,
642 4192 776 4282 siquid
802 4193 936 4277 habeat,
966 4193 1173 4281 quamobrem
1197 4189 1331 4258 exultare
