2946 4870
276 405 317 464 30

274 582 379 647 lenem
408 578 691 666 transpositionem
721 585 918 666 anteponens
945 579 1030 644 malo
1053 599 1132 645 sono
1151 589 1284 661 versus,
1316 582 1380 666 qui

276 708 317 753 ex
337 686 429 754 codd.
452 687 565 753 ordine
586 686 630 752 sic
651 685 796 774 prodiret
817 711 824 751 ε
847 685 977 771 „Mane,
1007 690 1111 763 rudae,
1133 686 1204 774 jam
1229 699 1263 750 ut
1289 686 1379 752 volis

274 798 345 862 med
363 794 448 860 essa“
471 795 542 878 (aed
563 817 610 858 me
635 817 702 860 esee
728 793 916 882 praebent);
947 793 1004 858 sed
1031 792 1118 880 quod
1148 793 1281 860 adnotat
1310 817 1378 881 pro

275 906 364 992 „piam
384 915 419 970 ut
437 903 488 970 Μ
518 902 646 968 licuisse
675 901 771 968 etiam
798 903 890 989 „p'om
912 902 989 980 out,
1017 923 1059 966 ne
1079 902 1124 967 sic
1144 901 1276 988 quidem
1297 925 1377 989 pro-

274 1012 403 1078 nomine
431 1011 527 1078 faoile
558 1032 722 1076 careamus
751 1035 759 1076 ι
788 1033 853 1098 quo
881 1018 1011 1096 recepto
1040 1008 1209 1096 legimus:
1241 1009 1375 1094 „Marsa

272 1125 371 1203 mdaa,
383 1120 458 1207 jam
477 1121 528 1184 uta'
545 1131 585 1184 tu
605 1141 659 1184 mc
680 1119 747 1184 e‘eae
765 1117 880 1184 volss“.
922 1117 1040 1204 Neque
1054 1119 1212 1184 absonum
1230 1127 1278 1183 est
1295 1141 1375 1205 pro-

272 1251 389 1294 nomen
411 1225 556 1292 additum
577 1225 778 1293 Menaechm.
803 1231 899 1309 1023,
923 1225 979 1290 ubi
998 1225 1106 1293 verbis
1128 1223 1249 1291 domini
1271 1247 1374 1312 quem

272 1344 393 1424 putat:
416 1327 488 1422 „A't
507 1335 568 1400 aba·
585 1337 618 1399 di
636 1335 770 1420 sempe‘r,
791 1334 982 1414 adulescens,
1012 1335 1151 1422 quiaquia
1171 1358 1220 1417 aa,
1241 1336 1375 1419 fuorunt

272 1444 361 1510 bend
383 1445 505 1510 instans
526 1465 637 1508 servus
659 1452 730 1510 orat
752 1469 760 1508 ε

312 1527 403 1640 F'lrgo
425 1553 554 1641 edepol,
577 1551 711 1617 sirecte
732 1549 842 1632 facias,
864 1551 927 1633 ere,
949 1563 982 1614 tu
1001 1573 1048 1616 me
1069 1551 1196 1616 emittas
1216 1573 1325 1616 manu.

270 1661 362 1728 Idem
390 1660 477 1748 quod
504 1660 643 1725 Bothius
672 1669 705 1725 et
725 1657 927 1724 Ribbeckius
955 1657 1025 1723 med
1046 1656 1215 1724 scribendo
1237 1659 1371 1744 assequi

271 1768 373 1856 possis
400 1769 509 1833 dativo
538 1771 589 1832 uti
611 1766 731 1832 inserto
753 1767 787 1830 in
806 1787 919 1848 versu,
948 1786 1045 1851 quem
1071 1787 1113 1832 ex
1142 1763 1276 1833 Caecilii
1297 1766 1370 1832 An-

271 1875 418 1962 drogyno
440 1875 485 1940 sic
505 1876 600 1940 affert
620 1874 709 1941 Fest.
731 1897 763 1963 p.
786 1877 854 1941 317.

352 1980 419 2048 Sed
441 1997 503 2070 ego
525 1982 669 2066 stolidus,
691 1984 888 2068 gratulatum
909 2005 955 2048 me
976 1995 1111 2068 oporteat
1130 1983 1220 2072 prius
1242 2007 1249 2048 ε

267 2089 360 2178 Lego
381 2093 587 2179 „protelatum
608 2091 686 2157 ta'bc'
704 2116 757 2156 me
776 2091 934 2177 oportcbdt
952 2091 1070 2176 prius.“

354 2205 399 2264 18.
441 2198 545 2266 Porro
574 2199 764 2288 compendia
794 2200 992 2288 pronominis
1023 2199 1071 2264 laic
1099 2221 1172 2264 cum
1203 2197 1367 2266 adverbiis

266 2307 343 2373 inde
365 2307 516 2373 derivatis
538 2329 557 2372 a
577 2307 715 2374 librariis
735 2307 962 2395 praetermissa
980 2307 1128 2374 versibus
1149 2305 1273 2393 aliquot
1293 2307 1366 2372 red-

173 2425 182 2440 ·
267 2415 370 2480 denda
390 2414 551 2481 videntur.
593 2416 641 2483 Ut
662 2413 780 2481 Pseud.
800 2418 878 2479 1026
899 2415 941 2481 R.
964 2423 997 2481 et
1012 2413 1120 2480 Fleck.
1135 2413 1243 2503 potius
1266 2435 1366 2500 quam

267 2545 340 2588 cum
361 2521 480 2587 Bothio
502 2525 573 2588 med
592 2521 742 2606 scribere,
763 2523 935 2588 voluerunt
955 2521 1129 2588 immittere
1149 2523 1220 2588 diac
1240 2545 1248 2586 ι

328 2629 471 2696 Primum
492 2629 634 2696 omnium
649 2631 720 2716 jam
741 2630 826 2695 hunc
848 2633 1030 2718 comparem
1051 2632 1159 2696 metuo
1179 2651 1296 2708 meum,

252 2782 255 2789 ·
326 2737 378 2804 Ne
401 2737 529 2804 deserat
550 2760 597 2802 me
618 2745 716 2824 atque
736 2737 804 2802 letne
825 2736 867 2804 ad
889 2736 990 2802 hostis
1012 2741 1157 2804 transeat
1178 2761 1186 2801 ι

265 2858 298 2914 ot
318 2847 418 2913 Mero.
444 2851 517 2931 198,
548 2868 644 2933 quem
665 2845 771 2912 Bentl.
793 2845 835 2912 ad
856 2844 985 2910 Phorm.
1008 2843 1058 2910 IV
1078 2850 1115 2928 4,
1137 2851 1156 2910 8
1178 2868 1251 2911 cum
1270 2845 1361 2912 hiatu

264 2957 367 3038 affert,
388 2953 617 3021 Lachmannus
638 2979 646 3019 t
1295 3023 1312 3038 ,

322 3062 447 3127 Verum
468 3062 562 3127 video
584 3086 633 3127 me
654 3059 724 3147 [Ιιίο]
749 3061 790 3126 ad
812 3084 891 3125 saxa
911 3061 989 3127 ferri
1011 3059 1115 3128 saevis
1136 3059 1286 3128 fltefibus
1309 3083 1317 3125 ε

263 3170 309 3235 sic
330 3167 450 3232 Bacch.
472 3169 530 3232 571
554 3167 593 3233 Β.
614 3167 651 3233 Ο.
674 3168 862 3232 memoriam

304 3275 431 3342 Tollam
451 3295 514 3360 ego
536 3274 588 3339 eod
615 3274 648 3338 in
670 3275 785 3339 collam
805 3283 903 3361 atque
924 3274 1009 3340 intro
1031 3274 1106 3341 hinc
1127 3277 1270 3343 auferam
1292 3299 1316 3342 ιε

851 3381 956 3448 Immo
978 3382 1042 3466 ibo,
1064 3405 1159 3452 mane

261 3515 327 3559 non
347 3512 465 3579 sperno
488 3509 560 3554 cum
581 3487 770 3555 Hermanno
792 3490 952 3560 scribente
963 3491 1034 3579 jam
1054 3505 1083 3558 ta
1103 3494 1154 3575 a'a,
1177 3492 1234 3557 sed
1255 3492 1355 3558 latere

261 3600 406 3688 suspicor
426 3611 453 3664 tc
473 3602 527 3663 lzoc
549 3598 718 3663 ducellum.
762 3595 845 3663 Ibid.
867 3602 927 3663 349

314 3699 349 3790 1',
371 3706 518 3796 gladium
538 3707 628 3774 adfer
649 3727 672 3770 ::
695 3705 784 3786 Quid
806 3715 901 3794 opust
922 3707 1061 3794 gladio?
1083 3729 1105 3772 z:
1128 3707 1194 3788 Qui
1214 3707 1300 3774 hone

728 3813 836 3901 [nunc]
859 3814 1004 3881 occidam
1025 3818 1123 3902 ttque
1144 3838 1197 3882 me
1218 3839 1242 3880 :r

260 3919 348 4000 Quin
369 3933 402 3986 tu
422 3934 449 3988 te
471 3922 590 3988 occidis
611 3919 746 4010 potius?
768 3943 842 3986 nam
864 3922 949 3987 hunc
971 3924 1074 3988 fames
1090 3923 1160 4009 jam
1182 3921 1352 3988 occiderit:

259 4049 356 4115 quam
378 4037 452 4116 apte
472 4030 521 4094 vis
542 4029 648 4097 letalis
667 4029 762 4096 famis
783 4051 824 4094 ex
845 4028 982 4096 adverso
997 4030 1129 4118 ponitur
1143 4031 1351 4096 instrumento

258 4135 424 4202 mortifero
446 4137 542 4201 modo
565 4145 829 4221 commemorato,
852 4139 878 4203 si
899 4138 1083 4227 reponimus
1105 4161 1113 4202 ε
1135 4137 1242 4222 „Ques
1268 4151 1298 4203 ta
1323 4150 1352 4204 te

259 4245 328 4312 lsoc
349 4245 467 4312 occidis
482 4244 629 4331 poa'usr“
672 4245 748 4310 Aul.
764 4245 820 4312 ΠΙ
846 4251 875 4328 6,
897 4251 937 4311 46
960 4255 1046 4312 recte
1067 4245 1198 4332 quidem
1217 4246 1350 4313 Bothius
