2946 4870
1205 342 1245 402 63

233 519 328 585 Haec
347 515 447 606 igitur
469 518 509 583 de
527 518 653 604 jussivo
675 517 864 605 epodoseos.
908 516 975 585 Sed
1000 518 1097 585 etiam
1118 519 1248 586 sumtio

148 649 228 692 num
256 647 364 692 rerum
390 626 539 692 fictarum
566 623 778 712 conjunctivi,
810 624 877 690 sive
904 625 1014 692 addita
1039 626 1107 692 sive
1129 626 1247 693 omissa

148 734 309 822 particula
324 732 547 816 condicionali,
562 733 696 798 eandem
711 732 779 798 fere
792 731 984 800 varietatem
998 733 1127 816 habent,
1149 757 1247 823 quam

150 843 373 909 absolutorum
395 839 644 908 enuntiatorum.
687 838 786 920 Quod
811 841 840 906 si
860 849 1064 929 perspectum
1083 842 1247 910 habuisset

151 949 339 1038 Wagnerus
358 949 400 1016 ad
420 948 523 1036 Verg.
545 949 629 1014 Aen.
651 947 701 1014 IV
723 949 783 1013 678
810 946 950 1032 (Eadem
971 970 1023 1015 me
1044 948 1086 1014 ad
1106 949 1176 1016 fata
1195 974 1246 1015 co-

150 1081 256 1124 casses
278 1081 285 1122 :
307 1056 400 1125 Idem
426 1055 538 1124 ambas
565 1056 651 1123 ferro
678 1054 771 1120 dolor
799 1064 897 1144 atque
924 1056 1038 1122 eadem
1058 1057 1140 1126 hore
1159 1058 1247 1126 tulis·

149 1169 213 1247 set)
236 1165 398 1230 :nonita
427 1163 642 1246 distinxisset,
671 1173 708 1228 ut
727 1162 759 1228 h.
782 1164 802 1228 l.
825 1162 1067 1251 conjunctivum
1092 1174 1149 1231 aut
1176 1188 1246 1253 pro-

148 1273 318 1359 ponendae
347 1271 526 1338 condicioni
553 1270 709 1337 inservire
728 1279 785 1336 aut
803 1271 870 1336 vim
892 1271 1025 1359 optandi
1045 1271 1165 1341 habere
1185 1282 1246 1340 sta-

149 1389 266 1446 tueret.
309 1379 350 1444 In
370 1379 498 1446 comicis
520 1379 644 1468 aliquot
665 1379 814 1467 exempla
826 1388 993 1467 protaseos
1006 1379 1083 1467 ipsis
1096 1381 1248 1468 propriae

149 1489 192 1554 ab
212 1489 328 1574 absque
347 1487 528 1577 incipientis
550 1527 590 1538 —
611 1488 757 1576 protaein
778 1487 851 1553 dico
874 1487 1078 1572 sententiam,
1098 1511 1165 1555 non
1184 1488 1246 1556 for

149 1617 236 1662 mam
250 1595 425 1684 respiciens
435 1634 478 1645 —
487 1597 603 1684 jussivi
618 1596 828 1684 praeteritum
849 1594 1012 1662 exhibent.
1052 1596 1171 1663 Bacch.
1184 1603 1246 1662 412

210 1701 296 1770 Nam
316 1703 438 1791 absque
460 1716 593 1789 tremet,
616 1705 679 1792 ego
701 1703 790 1770 illum
811 1703 965 1768 haberem
986 1705 1074 1770 recte
1096 1702 1137 1770 ad
1159 1704 1204 1770 in·

733 1811 866 1898 genidm
888 1811 1038 1895 bonum.

150 1917 226 1984 Ter.
248 1917 379 1984 Phorm.
401 1916 428 2000 Ι,
450 1924 480 2002 4,
505 1924 540 1984 ll

213 2025 291 2090 Eius
312 2047 364 2090 me
384 2026 523 2110 miseret,
546 2025 577 2092 ei
595 2047 681 2092 nunc
701 2025 808 2109 timeo,
829 2027 857 2092 is
879 2030 966 2092 nnnc
986 2048 1039 2092 me
1058 2025 1203 2094 retinet:

747 2159 821 2203 nam
842 2135 965 2225 absque
987 2159 1025 2202 eo
1046 2149 1131 2220 esset,

212 2241 317 2307 Recte
348 2264 410 2330 ego
442 2241 520 2308 mihi
548 2241 700 2310 vidissem
727 2253 761 2309 et
790 2244 876 2309 senis
904 2265 1007 2309 essem
1034 2245 1121 2310 ultus
1145 2243 1206 2310 ira·

747 2350 907 2418 cundiam.

231 2459 348 2546 Neque
377 2458 515 2524 debebat
542 2459 709 2525 Bentleius
736 2459 915 2547 praesentis
943 2456 1182 2545 conjunctivum
1212 2460 1246 2524 in

150 2564 285 2653 apodesi
304 2589 458 2633 revocare
479 2567 561 2634 Hec.
582 2566 634 2633 IV
654 2573 684 2650 2,
706 2572 744 2633 25
765 2589 773 2631 :

211 2672 320 2754 Quam
340 2674 522 2741 fortunatus
544 2674 657 2742 ceteris
680 2697 744 2740 sum
765 2675 862 2740 rebus
882 2696 890 2739 :
912 2674 1036 2763 absque
1056 2697 1122 2740 una
1142 2674 1205 2739 hac
1257 2711 1265 2728 ·

739 2781 856 2866 foret:

150 2889 246 2954 immo
278 2894 334 2955 mm
362 2889 533 2956 scribendo
565 2888 843 2976 incongruentiam
874 2887 1034 2956 vitaturus
1070 2887 1246 2956 secundum

149 3004 294 3062 nostram
329 2997 488 3064 rationem
522 2997 655 3064 minime
695 2997 913 3064 offendentem
954 2996 987 3063 in
1017 2997 1247 3064 ,soloecismum

150 3102 272 3168 incidit.

230 3211 348 3299 Neque
363 3211 448 3276 enim
458 3211 594 3278 Plautus
609 3211 799 3300 imperfecto
811 3211 1029 3301 hypotheseos
1043 3234 1246 3300 consequens

148 3318 246 3386 habet
267 3341 419 3406 praesens
441 3319 524 3406 conj.
567 3319 654 3386 Nam
675 3318 773 3386 Most.
796 3323 858 3386 370

763 3415 896 3509 Obsidi,

190 3533 228 3601 St
250 3542 288 3599 tu
308 3555 386 3600 vera
405 3536 564 3600 memoras
585 3556 607 3597 ::
629 3532 717 3612 Quid
731 3533 810 3599 mihi
831 3538 871 3598 stt
891 3532 977 3616 boni,
999 3531 1026 3596 si
1041 3531 1203 3598 mentirer:

143 3642 214 3728 jam
233 3663 345 3706 versus
373 3641 492 3707 rationi
519 3641 776 3708 emendationem
804 3639 964 3728 flagitanti
991 3639 1245 3727 oblemperatum

149 3758 181 3815 et
202 3748 356 3836 scriptum
379 3759 426 3814 est
447 3754 583 3816 mentior.

230 3854 299 3922 Mil.
322 3865 430 3923 autem
457 3861 542 3940 1356,
565 3857 592 3923 si
614 3879 687 3922 cum
708 3857 749 3922 B.
770 3866 803 3924 et
825 3857 873 3924 Fl.
895 3854 1003 3944 potius
1024 3853 1223 3926 scribimus:

267 3937 313 4030 rit
333 3965 361 4030 si
380 3965 427 4032 ita
448 3965 606 4032 sententia
627 3977 712 4049 esset,
733 3963 794 4031 tibi
816 3963 936 4032 servire
956 3963 1109 4032 mecetius

267 4071 383 4156 Metto,
404 4095 501 4159 quam
523 4073 580 4140 alii
600 4073 735 4140 libertus
756 4075 841 4150 essm

149 4187 249 4268 quam'
268 4203 341 4248 cum
361 4181 401 4248 V.
411 4181 449 4250 O.
463 4183 617 4250 moloi-
632 4180 728 4270 quod,
750 4181 903 4269 quoniam
921 4182 990 4268 jam
1010 4205 1107 4250 manu
1128 4181 1243 4249 missus
