2946 4870
213 351 235 409 4

214 525 392 591 simillimae
414 532 455 609 et,
477 531 514 589 ut
533 523 604 610 ipse
618 521 674 607 ait,
695 522 796 588 mnae
810 521 1029 588 translationis
1043 520 1222 586 formarum
1242 521 1312 586 med

215 642 247 700 et
268 635 316 698 ted
342 633 375 696 in
404 631 624 697 accusativum
652 628 892 717 comparatione
912 627 1013 694 fulcit
1057 625 1125 694 Sed
1146 638 1310 694 sanctam

213 741 296 806 mira
317 747 403 805 esset
425 759 463 804 ea
484 737 662 820 translatio,
683 746 720 803 ut
740 757 864 820 verear,
885 757 927 800 ne
950 736 1067 802 summi
1087 735 1150 802 viri
1168 745 1310 802 mentem

213 869 278 914 non
298 849 395 934 plane
417 836 580 912 assecutus
597 843 667 909 sim.
709 842 825 930 Longe
847 842 932 908 enim
953 843 1016 910 alia
1038 865 1090 908 res
1110 853 1168 926 est,
1191 842 1218 909 si
1238 843 1310 930 ipsa

214 954 458 1042 significationis
480 951 685 1018 similitudine
713 951 844 1037 cognati
866 973 975 1034 casus,
1002 952 1093 1018 velut
1120 950 1310 1018 instrumen-

213 1062 287 1129 talis
301 1071 334 1127 et
347 1061 507 1128 ablativus
522 1060 575 1126 vel
589 1059 760 1146 genetivus
776 1068 809 1124 et
828 1059 997 1142 locativus,
1019 1059 1053 1123 in
1073 1058 1167 1125 unius
1187 1059 1311 1124 formae

214 1169 354 1256 speciem
375 1169 625 1254 conjunguntur.

296 1282 324 1340 3.
360 1273 477 1364 Itaque
498 1297 570 1341 cum
590 1296 632 1340 ex
654 1273 793 1341 ablativo
814 1274 956 1340 litteram
970 1274 1131 1340 dentalem
1144 1272 1311 1359 irrepsisse

214 1381 400 1470 negandum
422 1383 490 1466 sit,
509 1393 611 1449 restat
630 1391 667 1448 ut
694 1381 872 1464 videamus,
892 1403 971 1448 num
991 1381 1025 1445 in
1045 1379 1234 1468 pronomine
1257 1401 1311 1467 ge-

214 1492 301 1556 neris
323 1489 505 1557 differentia
527 1500 659 1557 carente
681 1489 816 1556 eandem
837 1488 1005 1576 originem,
1028 1511 1126 1576 aqua
1139 1489 1173 1553 in
1187 1487 1311 1552 neutris

213 1607 359 1686 repetere
374 1583 452 1664 'eam
473 1597 635 1686 Boppium
655 1597 804 1678 vidimus,
824 1596 983 1675 habuerit,
1004 1596 1035 1662 h.
1057 1618 1084 1662 e.
1105 1617 1183 1661 num
1204 1615 1312 1682 perso-

214 1705 296 1770 nalis
316 1705 516 1792 pronominis
537 1704 586 1769 vis
606 1704 736 1790 adjecto
751 1703 1003 1769 demonstrativo
1025 1702 1139 1789 augeri
1160 1702 1312 1789 potuerit,

215 1821 251 1876 ut
271 1823 347 1876 mete
368 1821 401 1877 et
422 1824 475 1876 tete
496 1812 622 1899 abjecta
642 1812 748 1878 vocali
770 1811 858 1878 finali
880 1822 1011 1877 tenuem
1032 1809 1227 1882 mutaverint
1245 1831 1313 1874 me

215 1919 275 1985 dia.
318 1918 389 1984 Nec
419 1919 534 1985 desunt
561 1921 726 2007 profecto,
758 1941 842 2006 quae
870 1918 953 1984 hanc
981 1917 1201 2006 explicationis
1223 1917 1312 1983 viam

215 2025 380 2092 suadeant
424 2024 703 2106 Quemadmodum
731 2025 816 2091 enim
839 2024 1037 2092 nominativo
1060 2024 1220 2090 secundae
1239 2045 1310 2111 per

214 2154 312 2198 sonae
333 2145 361 2198 tc
381 2133 506 2221 syllaba
527 2155 729 2200 succrescere
750 2141 890 2220 poterat,
908 2131 964 2198 ita
983 2155 1026 2197 ne
1046 2131 1222 2198 accusativi
1243 2130 1310 2219 qoi-

214 2238 287 2305 dem
308 2241 476 2328 utriusque
497 2263 655 2329 personae
675 2238 764 2305 notio
786 2240 910 2327 spernit
927 2239 1161 2306 accuratiorem
1182 2238 1310 2304 demon·

213 2346 410 2413 strationem.
455 2345 521 2414 Sed
548 2349 582 2412 in
611 2347 671 2413 hoc
698 2368 819 2434 genere
846 2367 912 2411 non
943 2347 1063 2414 suffint
1091 2346 1310 2422 adumbrasse,

159 2467 162 2471 ·
214 2452 292 2541 quid
313 2453 383 2519 fieri
404 2454 514 2541 possit,
537 2454 594 2520 sed
614 2455 789 2521 videndum
811 2464 868 2538 est,
890 2453 968 2542 quid
990 2457 1042 2520 vel
1065 2453 1177 2520 eadem
1197 2454 1310 2539 lingua

212 2559 246 2626 in
277 2571 416 2646 cognato
447 2582 567 2650 genere
595 2562 648 2627 vel
676 2562 711 2625 in
740 2560 853 2626 eodem
881 2583 1000 2648 genere
1029 2571 1169 2648 cognata
1197 2561 1310 2649 lingua

213 2669 327 2755 egerit.
370 2667 612 2734 Recenseamus
641 2668 741 2756 igitur
761 2668 995 2753 additamenta,
1024 2669 1141 2758 quibus
1171 2668 1312 2736 Graeco-

212 2798 285 2842 rum
305 2785 337 2841 et
357 2774 547 2842 Latinorum
575 2798 679 2843 sermo
702 2777 924 2865 pronominum
952 2777 1074 2864 primae
1095 2787 1127 2844 et
1149 2775 1310 2843 secundae

212 2905 371 2970 personae
392 2883 458 2949 vim
479 2885 595 2952 efferre
616 2886 729 2951 voluit.
772 2884 950 2952 Aeolenses
972 2895 1006 2951 et
1020 2884 1194 2950 Dorienses
1211 2884 1310 2948 nomi·

211 2990 315 3055 nativi
341 2991 464 3056 formae
495 2992 705 3059 immutilatae
738 2980 821 3077 &yde
847 3002 880 3059 et
904 2983 963 3058 uo'r
990 2983 1104 3077 (sorde),
1134 2990 1309 3056 Dorienses

212 3095 309 3161 etiam
338 3095 456 3163 dativis
486 3095 561 3179 dala
589 3107 622 3165 et
650 3097 700 3164 alr
732 3100 925 3167 addiderunt
952 3103 992 3164 H
1016 3100 1164 3165 vocalem
1193 3097 1310 3166 dubiae

213 3203 356 3289 originis.
401 3204 526 3272 Contra
547 3211 604 3274 ΓΕ
624 3207 716 3291 (ΓΑ)
737 3207 896 3290 voculam,
925 3229 1022 3295 qnam
1043 3207 1132 3274 nulla
1153 3206 1310 3274 dialectus

210 3311 245 3376 in
266 3311 395 3378 casibus
417 3313 501 3400 sing.
524 3336 590 3380 non
611 3313 726 3396 affixit,
748 3315 1001 3382 confirmativam
1024 3315 1217 3404 particulam
1239 3335 1309 3380 esse

214 3428 356 3506 apparet.
407 3419 702 3486 Demonstrativam
727 3421 792 3486 vim
818 3421 933 3488 tertiae
963 3443 1045 3509 quae
1072 3431 1172 3488 restat
1191 3443 1309 3510 appen-

212 3526 276 3593 dici
296 3532 323 3611 l,
345 3550 441 3616 quam
463 3528 659 3615 Apollonius,
679 3528 720 3593 de
741 3550 832 3616 pron.
855 3551 885 3616 p.
912 3531 969 3594 106
985 3551 1034 3616 sq.
1056 3551 1077 3594 a
1094 3528 1308 3596 Doriensibus

210 3635 403 3700 accusativis
424 3629 465 3716 μέ
485 3643 517 3700 et
536 3631 573 3700 td
594 3633 727 3702 affixam
750 3655 820 3701 esse
840 3634 954 3719 tradit,
982 3637 1086 3702 inesse
1108 3635 1307 3724 comparatio

210 3738 536 3808 demonstrativomm
557 3737 679 3821 auset
701 3735 762 3825 ddi,
792 3743 860 3808 sim.
882 3741 1053 3810 verisimile
1074 3743 1188 3810 reddit
1231 3741 1309 3807 Alia

210 3855 285 3912 sunt
305 3845 420 3930 affixa,
449 3851 567 3936 quibus
589 3847 729 3916 Romani
749 3848 816 3914 vim
837 3851 1062 3937 pronominum
1088 3848 1308 3938 personalium

209 3954 381 4040 angebant
423 3955 510 4022 Nam
538 3979 734 4046 quamquam
761 3961 819 4025 ΓΕ
839 3957 942 4024 videri
967 3959 1069 4046 possit
1096 3957 1200 4022 inesse
1222 3953 1307 4021 abla-

208 4061 276 4126 tivo
297 4061 350 4128 vel
370 4061 554 4127 accusativo
568 4067 661 4150 mede,
683 4085 779 4153 quem
798 4063 886 4152 apud
900 4065 1050 4153 antiquos
1064 4062 1307 4150 tragoediarum

206 4168 378 4256 praecipue
406 4168 580 4257 scriptores
604 4168 640 4234 in
668 4170 832 4238 veteribus
859 4170 950 4238 libris
971 4170 1109 4238 inveniri
1131 4168 1266 4252 Quintil.
1288 4169 1307 4236 Ι
