2946 4870
143 407 147 416 .
264 357 306 418 64

264 541 313 602 eet
333 553 454 614 servus,
474 531 554 599 ferri
573 531 675 620 possit
692 567 726 580 -
744 553 753 594 r
773 538 850 597 nota
871 539 921 596 est
939 530 1113 596 verborum
1134 530 1209 619 ejus
1232 533 1391 620 generis

264 639 395 730 propria
414 649 539 707 natura

345 747 486 816 Unicum
509 746 596 837 quod
617 754 784 833 praeterea
806 743 841 810 in
859 746 1073 812 monumentis
1089 743 1256 814 Cicerone
1284 756 1390 813 vetu-

264 854 415 925 stioribus
435 853 564 944 repperi
583 855 783 942 exemplum,
805 854 935 921 Lucret.
958 855 976 921 I
998 857 1058 920 592
1079 877 1144 922 non
1163 864 1288 942 potest
1313 878 1389 922 non

264 985 337 1032 esse
356 965 544 1031 mendosum
571 961 648 1047 :„ei
674 961 851 1049 primordia
880 983 988 1028 rerum
1014 961 1218 1031 Commutari
1255 964 1387 1052 aliqua

262 1085 385 1158 possent
403 1072 529 1140 ratione
548 1070 681 1155 revicta,
710 1070 875 1137 Incertum
901 1091 1031 1158 queque
1055 1071 1125 1156 jam
1152 1083 1270 1136 censet
1284 1072 1385 1158 -quid

263 1180 366 1267 possit
386 1178 479 1263 oriri,
512 1176 600 1258 Quid
620 1188 777 1265 nequeat,
808 1179 899 1244 finita
918 1187 1061 1266 potestas
1081 1179 1220 1264 denique
1243 1180 1383 1267 cuique

264 1285 414 1366 Quanam
446 1284 487 1352 sit
517 1285 642 1352 ratione
681 1295 779 1374 atque
814 1287 878 1353 alte
917 1287 1072 1352 terminus
1102 1286 1256 1370 haerens,
1298 1287 1341 1354 N
1342 1309 1381 1352 ec
1435 1291 1436 1294 ’

261 1395 380 1460 totiens
411 1405 532 1482 possent
562 1395 742 1483 generatim
775 1394 883 1462 saecla
910 1395 1032 1460 referre
1059 1393 1220 1461 Naturam
1252 1417 1378 1460 mores

263 1504 385 1570 vieann
409 1512 580 1591 motusque
601 1501 802 1592 parentum.“
846 1499 923 1570 Sine
945 1500 1145 1568 dubitatione
1167 1503 1217 1570 bis
1237 1504 1378 1588 poceint
1435 1489 1436 1528 ¹

261 1611 416 1679 rescribo.
458 1610 619 1678 Praesens
646 1610 732 1676 enim
759 1609 842 1696 conj.
870 1609 904 1676 in
933 1610 1094 1676 sumtione
1120 1610 1168 1674 rei
1195 1610 1299 1676 fictae
1323 1611 1373 1677 ita

263 1729 300 1786 ut
327 1719 447 1804 exiguo
475 1717 657 1784 discrimine
678 1719 718 1785 ab
740 1717 929 1806 imperfecto
950 1717 1063 1802 distet,
1093 1717 1202 1806 posuit
1222 1727 1330 1805 pocta
1352 1720 1372 1784 I
1435 1727 1436 1788 3

264 1831 334 1892 809.
369 1826 419 1893 IV
441 1829 512 1891 507.
548 1825 587 1892 V.
613 1827 680 1891 195.
702 1828 772 1891 207.
809 1825 859 1892 VI
880 1829 949 1892 568.

345 1933 462 1999 Restat
480 1933 570 1998 loeus
591 1932 716 2014 Plauti,
747 1931 803 1998 ubi
824 1933 929 2000 minus
954 1942 1103 2000 accurate
1122 1933 1268 2000 locutum
1290 1957 1366 2000 esee

263 2049 392 2130 poetam
413 2040 527 2128 negari
546 2062 612 2107 non
634 2050 750 2127 potest,
773 2041 876 2108 Stich.
898 2043 989 2106 510:

311 2149 421 2216 Vdcem
442 2171 505 2236 ego
525 2157 559 2214 te
578 2147 620 2216 ad
639 2171 692 2216 me
706 2147 748 2216 ad
763 2151 885 2232 cenam,
907 2149 1007 2214 irater
1028 2138 1103 2216 tuiis
1124 2148 1159 2212 ni
1180 2147 1321 2214 dicaret

957 2256 1046 2338 mihi,
1254 2265 1257 2269 '

302 2365 352 2432 Te
371 2367 452 2454 bput
473 2386 508 2430 se
528 2368 717 2431 cenaturum
738 2386 808 2430 esse
830 2363 937 2447 hodie,
961 2368 1060 2450 quom
1081 2385 1132 2428 me
1154 2361 1197 2426 ad
1217 2383 1251 2428 se
1274 2362 1316 2429 ad

955 2474 1068 2538 cenam
1089 2479 1194 2553 vocat,

260 2578 318 2646 sed
338 2579 367 2644 si
387 2599 531 2646 seorsum
551 2581 583 2646 h.
599 2582 621 2646 l.
638 2590 829 2668 spectemus,
850 2602 917 2646 non
938 2581 1072 2646 moleste
1085 2581 1225 2646 feremus
1240 2600 1356 2667 aequa-

236 2685 418 2754 ·bilitatem
444 2688 644 2774 neglectam
673 2711 748 2754 nem
773 2699 918 2768 veteres,
941 2690 967 2755 si
988 2690 1096 2755 nescio
1119 2709 1202 2776 quae
1223 2685 1355 2775 impedi·

259 2806 369 2863 menta
390 2797 589 2864 excusabant
611 2797 699 2886 apud
719 2820 810 2883 eum,
831 2819 927 2886 quem
948 2797 1080 2866 honoris
1103 2819 1201 2862 causa
1221 2796 1355 2862 comiter

260 2904 302 2970 ad
323 2927 435 2971 cenam
455 2927 574 2972 vocare
596 2905 766 2991 debebant,
787 2905 938 2973 credibile
960 2905 1094 2971 estnon
1114 2905 1235 2987 minus,
1258 2925 1352 2991 quam

259 3012 356 3078 hodie
374 3012 443 3080 fieri
464 3016 563 3099 solet,
590 3016 771 3103 paullulum
799 3026 978 3082 commotos
998 3013 1097 3080 nisse
1117 3012 1224 3078 animo
1246 3020 1277 3076 et
1297 3010 1351 3077 lin-

260 3140 326 3204 gua
350 3119 536 3188 balbutisse.

341 3224 387 3290 Et
408 3227 562 3315 quoniam
582 3251 687 3294 sermo
709 3229 742 3294 in
762 3229 959 3314 irregulares
976 3229 1183 3316 periodorum
1197 3227 1348 3294 condicio

258 3332 379 3401 nulium
400 3333 519 3402 formas
540 3333 668 3414 incidit,
695 3357 879 3419 monemus,
906 3359 948 3401 ne
969 3359 1024 3402 aas
1046 3337 1176 3423 quidem
1199 3357 1281 3424 quae
1300 3336 1346 3400 his

260 3442 425 3532 oppositae
452 3443 486 3508 in
506 3443 627 3531 protasi
648 3467 802 3533 praesens
809 3494 819 3528 ,
845 3443 879 3510 in
902 3445 1036 3533 apodesi
1055 3446 1277 3534 imperfectum
1297 3467 1345 3510 ex·

258 3551 379 3636 hibent,
402 3548 488 3639 apud
502 3551 650 3618 Plautem
665 3575 739 3620 cum
759 3553 955 3622 confidentia
976 3554 1151 3621 servandas
1172 3575 1253 3622 esse.
1291 3553 1344 3620 At-

259 3679 322 3746 que
342 3660 417 3728 Aul.
438 3659 493 3725 ΙΠ
514 3664 543 3744 5,
566 3666 614 3728 45.

343 3765 566 3853 Compellarem
594 3791 656 3856 ego
677 3769 781 3852 illum,
809 3776 843 3836 nl
864 3783 1012 3854 metuam,
1041 3793 1083 3837 ne
1115 3770 1268 3837 desinat:

258 3870 398 3940 admittit
412 3898 536 3955 versus,
551 3877 636 3965 quod
649 3876 817 3944 Acidaliae
832 3879 982 3965 reposuit,
997 3877 1341 3967 compellem.--Neque

257 3979 391 4051 violenti
411 3985 590 4052 mutatione
607 3985 723 4055 rationi
741 3985 947 4073 subjungitur
961 3986 1061 4056 Poen.
1077 3988 1110 4056 V
1131 3994 1160 4071 4,
1183 3993 1232 4067 49,
1254 4007 1339 4075 quem

257 4085 304 4153 ita
324 4086 399 4154 libri
420 4091 579 4176 praebent
600 4118 608 4159 r
