2946 4870
254 349 295 410 42

255 525 339 590 Nom
368 549 417 591 me
441 528 483 592 de
509 534 587 594 sote
612 525 685 612 (Be
705 527 819 638 medlo
841 539 924 614 stete
946 529 1021 608 Bb,
1050 530 1198 598 similiter
1227 534 1379 622 reliqui,

256 658 301 699 me
323 634 362 700 de
384 655 495 702 omnes
517 636 733 720 secernentes)
755 639 879 702 viduom
901 661 994 702 essem
1013 639 1127 704 aneton
1141 676 1181 690 -
1196 639 1240 706 R.
1259 640 1379 708 dedit.

347 741 435 808 Nom
455 735 559 809 merim
580 745 650 808 med
670 751 809 808 oetatem
830 746 902 809 esse
922 743 1054 810 viduam
1074 747 1228 814 movelim
1254 773 1263 814 r

254 849 288 916 in
311 871 351 916 eo
372 873 486 918 vereor
507 873 548 916 ne
569 859 700 938 prester
725 873 819 918 usum
845 854 1032 918 accusativo
1053 851 1196 937 odeum,
1228 857 1294 945 qui
1322 867 1378 922 est

256 953 314 1024 διᾶ
334 955 418 1042 βίον,
441 981 617 1047 pronomen
633 957 851 1046 possessivum
866 959 1029 1046 adjecerit,
1044 981 1150 1050 nequo
1164 963 1241 1030 ideo
1259 975 1374 1031 trans

256 1089 343 1155 pono
364 1091 409 1132 me
429 1090 530 1132 meam
551 1079 687 1150 astolon,
710 1067 766 1132 sed
788 1089 859 1132 oum
881 1065 992 1134 Fleok.
1011 1068 1143 1154 jurandi
1162 1069 1373 1138 adverbium

254 1176 390 1241 insero:

354 1283 441 1350 Nom
463 1285 602 1348 estetem
625 1295 744 1350 ecastor
764 1283 895 1350 vldusm
917 1309 966 1350 me
986 1307 1057 1350 esse
1077 1287 1239 1352 movelim.

254 1391 360 1460 Unius
390 1393 526 1458 voculae
557 1392 633 1460 sede
660 1401 785 1459 mutets
813 1392 931 1458 Pseud.
961 1395 1022 1458 589
1048 1392 1078 1458 B
1105 1393 1203 1459 leotio
1231 1395 1368 1461 servari

254 1521 352 1588 posse
372 1500 510 1566 videtur.
553 1500 665 1569 Jsotet
681 1499 864 1565 Pseudulns
884 1498 1038 1566 molitiem
1061 1523 1150 1565 susm
1172 1501 1366 1568 fraudulen-

255 1619 324 1676 tsm
345 1619 378 1676 et
399 1609 517 1674 sitium
539 1629 668 1674 suorum
691 1608 784 1696 qussi
807 1608 990 1694 legionibus
1018 1608 1169 1674 lenonem
1197 1618 1363 1698 tanquam

256 1716 408 1806 oppidum
432 1716 593 1803 perditum
615 1737 649 1780 ss
671 1715 718 1780 ire
741 1716 931 1802 glorietur:

338 1811 426 1888 I'ude
446 1845 498 1886 me
520 1831 552 1887 et
573 1821 667 1887 simtl
688 1821 860 1910 pufioipes
881 1813 971 1888 mebs
992 1823 1113 1910 praede
1129 1823 1273 1889 onerabo

893 1933 992 2019 etque
1013 1931 1162 2018 opplebo,

337 2035 460 2102 Melum
492 2038 526 2104 et
555 2036 667 2123 fugem
696 2036 915 2125 perduellibus
942 2039 1023 2104 meis
1049 2059 1101 2102 me
1133 2059 1202 2102 esse
1234 2047 1271 2102 ut

892 2146 997 2212 siosnt
1016 2156 1159 2212 notum:

336 2245 387 2320 Εἴ)
410 2277 481 2320 sum
501 2275 620 2341 genere
642 2257 761 2341 gnotus

254 2361 574 2446 (meutsoisntnstum
602 2361 660 2445 A).
702 2359 744 2426 R.
767 2381 841 2425 oum
870 2358 942 2425 eliis
964 2360 1099 2426 verbum
1121 2359 1303 2447 requirens,
1332 2383 1353 2424 a

255 2490 320 2556 quo
341 2469 518 2534 accusativi
539 2477 739 2553 regerentur,
761 2467 889 2553 scripsit
910 2493 918 2532 ε

295 2573 420 2640 Motum
436 2577 470 2640 tt
484 2576 596 2661 fugem
614 2573 833 2661 perduellibus
848 2575 927 2638 meis
942 2573 1073 2640 lnioism
1087 2575 1158 2638 med
1169 2577 1206 2639 tt
1219 2574 1330 2656 soient,

296 2681 372 2764 Quo
393 2682 453 2748 sim
475 2701 594 2768 genere
616 2683 743 2768 gustus.

257 2792 325 2859 Sed
357 2791 425 2880 ipse
457 2813 569 2856 servus
601 2787 693 2878 quasi
726 2787 920 2854 Homericus
953 2787 1082 2876 quidem
1113 2785 1261 2876 prinoeps
1291 2788 1351 2854 dioi

253 2909 359 2986 potest
382 2899 480 2980 δεῖμα
500 2885 608 2984 φόβος
629 2921 664 2964 re
684 2892 846 2980 τετύχθαι
866 2895 1011 2962 hostibus
1034 2919 1042 2962 :

337 3007 461 3072 Motum
489 3009 523 3072 et
550 3009 663 3094 fugem
692 3007 913 3095 perduellibus
938 3005 1018 3070 meis
1042 3027 1091 3072 me
1111 3008 1148 3070 tt
1168 3005 1272 3072 soient

898 3133 967 3178 esse
985 3115 1127 3179 mltum:

333 3210 384 3284 El>
406 3240 476 3283 sum
497 3239 618 3305 genere
639 3221 765 3306 gnotus.
1109 3284 1112 3290 ,

253 3327 380 3396 Pariter
408 3325 485 3392 sede
514 3326 605 3392 verbi
636 3326 797 3394 auxiliarii
824 3335 1020 3394 commutate
1053 3326 1173 3393 oodiois
1194 3325 1224 3392 B
1245 3349 1347 3394 receu-

256 3439 320 3504 sori
341 3437 374 3504 D
396 3457 489 3502 suum
510 3433 703 3501 remittimus
724 3433 812 3500 Asin.
835 3439 895 3500 299
919 3459 927 3498 :

300 3546 389 3626 Quot
408 3545 516 3634 pondo
545 3555 572 3610 te
599 3545 704 3612 censos
729 3566 794 3610 osse
812 3544 933 3610 nudum
955 3567 979 3610 :r
1001 3541 1212 3630 Nonedepol
1234 3542 1305 3608 soio.

254 3655 293 3718 In
322 3654 471 3741 sequenti
503 3661 610 3718 sutem
640 3655 704 3736 ted,
734 3652 823 3740 quod
849 3651 960 3717 Fleok.
988 3651 1127 3740 recepit,
1152 3671 1345 3717 removemus

253 3771 336 3824 temet
356 3761 456 3847 priori
476 3759 677 3826 hemistichio
701 3760 850 3826 restituto
872 3782 880 3824 r

337 3865 470 3934 Scibam
501 3890 563 3954 ego
596 3881 679 3934 temet
711 3865 852 3942 nescir03
887 3874 921 3933 st
952 3866 1006 3952 pol
1035 3869 1117 3954 ego,
1155 3866 1211 3954 qui
1240 3873 1271 3930 te

898 3974 1037 4063 expendi
1058 3973 1135 4040 seio.

334 4079 476 4146 Ratione
504 4079 615 4148 habits
641 4081 722 4170 legis
751 4079 791 4148 de
821 4091 959 4148 sesentu
986 4079 1131 4168 ejusdem
1151 4080 1241 4146 voeis
1261 4077 1337 4145 brevi

254 4189 423 4256 intervallo
453 4186 609 4275 repetitae
640 4189 812 4272 variando,
841 4212 939 4276 quem
972 4198 1085 4256 oontrs
1116 4186 1336 4256 Bentloiuno

871 4448 978 4480 *
