2946 4870
275 393 316 454 32

336 563 448 636 Senex
467 566 501 633 in
522 565 687 655 Ephesum
706 567 776 632 tiae
795 565 856 632 lbit
877 589 990 632 aurum
1013 569 1174 633 arcessere
1195 592 1204 633 :

333 673 398 740 Hic
418 677 531 741 ndstra
551 683 668 762 agetur
688 677 778 741 aetas
799 673 833 739 in
854 675 1014 742 malacum
1034 675 1175 753 modum,

334 781 502 870 Siquidem
522 782 575 848 lic
596 782 757 870 relinquet
776 783 884 869 neque
905 804 1015 848 secum
1036 756 1169 850 abducti
1188 804 1295 848 senex

333 893 409 957 Med
428 893 462 956 ot
482 889 725 974 Mnesilochum,
748 893 828 978 quas
849 911 911 976 ego
931 890 982 956 Mc
1003 891 1116 956 turbas
1137 889 1221 956 dabo
1247 929 1282 938 -

420 999 514 1084 (Med
533 1011 562 1064 et
581 999 620 1078 Β,
642 997 747 1064 Mede
767 996 838 1081 OD,
860 997 915 1063 Me
936 997 987 1064 der
1006 998 1068 1077 Ea,
1088 1021 1135 1064 me
1157 1009 1185 1064 et
1203 998 1242 1064 F.
1265 999 1323 1084 Ζ.)

271 1127 334 1170 111
357 1105 575 1193 gravabimur,
597 1103 623 1169 si
645 1105 758 1194 quinto
780 1106 953 1172 accedente
980 1105 1100 1193 legitur
1123 1105 1197 1191 ,Me
1223 1105 1321 1171 linc
1348 1118 1381 1171 et

271 1211 524 1280 Maeasloclsum“.
566 1214 649 1280 Item
671 1214 706 1279 in
727 1212 842 1280 eodem
862 1235 960 1280 versu
981 1214 1031 1281 bis
1051 1213 1149 1280 habet
1178 1213 1375 1280 adverbium

269 1320 460 1405 locativum3
482 1320 569 1386 Men.
591 1327 648 1388 331
674 1321 751 1407 ,Ibo
770 1325 848 1388 latro
870 1321 1142 1388 aduentante
1163 1333 1266 1388 astare
1286 1324 1374 1388 Erd-

269 1430 321 1507 ab,
349 1428 389 1495 Ut
407 1441 434 1494 te
454 1429 551 1496 biae
571 1431 707 1497 abducat
722 1432 828 1516 potius
848 1453 943 1517 quaem
964 1431 1025 1496 tic
1046 1431 1127 1496 astte
1140 1430 1257 1516 foris“.

354 1543 402 1604 19.
444 1539 594 1628 Denique
615 1542 645 1606 ia
667 1561 854 1626 pronomen,
878 1563 943 1628 qua
963 1548 1033 1604 erat
1050 1549 1084 1604 et
1102 1537 1227 1605 formae
1241 1539 1371 1627 exigui-

269 1657 335 1714 tate
357 1658 389 1715 et
410 1647 451 1714 ad
473 1647 663 1714 sententiam
684 1648 749 1714 levi
764 1647 915 1734 pondere,
939 1647 1108 1735 expulsum
1122 1669 1370 1735 nonnumquam

267 1755 389 1822 vitiosis
410 1755 522 1820 formis
542 1754 706 1840 irrependi
721 1777 832 1822 ansam
846 1753 973 1822 dedisse
988 1756 1125 1824 videtur.
1161 1756 1368 1823 Reducerem

268 1861 367 1948 igitur
385 1863 522 1928 relatum
543 1884 585 1928 ex
605 1862 756 1928 Plautino
776 1885 837 1928 usu
857 1862 899 1928 ad
912 1864 1009 1952 paulo
1024 1874 1100 1931 ante
1115 1875 1368 1932 commemorata

267 1969 384 2058 Amph.
407 1972 467 2037 997

861 2079 954 2145 Haec
975 2082 1088 2146 curata
1109 2078 1172 2146 sint

327 2185 395 2254 Fac
416 2192 474 2271 als,
496 2185 630 2275 proinde
652 2185 732 2252 adeo
754 2195 790 2253 ut
809 2187 896 2254 velle
918 2212 963 2253 me
983 2213 1020 2254 eo
1040 2187 1212 2275 intellegis,

265 2317 324 2382 pro
357 2317 395 2362 eo
427 2295 516 2384 quod
545 2295 656 2362 Fleck.
691 2295 816 2382 scripsit
846 2298 916 2361 med
943 2296 1108 2382 intellegis,
1144 2295 1205 2361 nisi
1233 2294 1364 2362 inverso

266 2400 379 2468 ordine
393 2401 466 2470 libri
486 2403 639 2469 offerrent
652 2414 684 2467 11
698 2424 745 2467 me
757 2401 842 2486 velle,
858 2401 944 2468 unde
957 2424 1087 2469 versum
1101 2404 1147 2468 sic
1163 2402 1341 2469 constituas
1356 2429 1365 2470 τ

365 2508 433 2576 Fac
453 2515 506 2592 sls,
528 2508 663 2598 proinde
685 2509 766 2576 adeo
786 2515 905 2576 ntimo
924 2510 1007 2574 velle
1028 2510 1200 2600 intellegis.

264 2616 380 2705 Neque
402 2615 520 2682 Pseud.
548 2621 640 2699 1142,
670 2617 727 2681 ubi
747 2615 885 2704 Harpax
914 2619 1058 2685 locorum
1087 2629 1120 2684 et
1149 2641 1363 2708 personarum

263 2725 396 2813 ignarus
424 2723 605 2792 sciscitatur
633 2725 720 2812 apud
748 2725 852 2813 ipsum
880 2726 1046 2810 lenonem,
1078 2726 1133 2794 ribi
1162 2727 1231 2814 ejus
1263 2729 1362 2796 aedes

263 2832 336 2914 sint,
357 2835 383 2900 is
404 2845 511 2902 autem
534 2835 709 2923 quaerendi
731 2835 829 2901 finem
849 2835 955 2902 facere
972 2834 1087 2922 jussit,
1109 2858 1192 2924 opus
1214 2845 1362 2903 osteum

263 2942 448 3010 Camerario
464 2966 556 3010 servo
571 2944 788 3034 interroganti
803 2945 988 3033 ,Quidjam
998 2944 1032 3010 ?“
1050 2944 1096 3012 sic
1110 2944 1360 3031 respondentem

262 3049 368 3116 facere
388 3049 568 3118 Ballionem
589 3075 596 3116 :

361 3157 468 3241 ,Quia
489 3171 523 3222 te
543 3159 582 3223 c'a
602 3165 689 3242 ipsus
704 3160 852 3244 prdssena
869 3160 1059 3245 praesentim
1079 3161 1178 3226 aidau

412 3265 454 3344 (te
474 3264 563 3349 ipsus
581 3299 621 3312 -—
642 3266 728 3330 acideo
748 3264 831 3346 libri,
852 3268 902 3330 ted
924 3303 957 3314 -
981 3267 1064 3332 uallet
1082 3265 1139 3354 R),

261 3370 319 3437 sed
338 3369 495 3440 librorum
515 3370 653 3438 lectione
673 3382 802 3440 retenta
822 3385 879 3438 tute
900 3375 1053 3462 supplere
1073 3374 1147 3442 licet
1167 3398 1174 3439 :

360 3479 447 3562 Quia
467 3491 527 3546 tute
547 3479 634 3568 ipsus
656 3483 809 3568 praesens
829 3485 1034 3570 praesentem
1053 3483 1154 3550 vides.

260 3587 379 3655 Bacch.
401 3594 461 3657 909
484 3598 592 3656 eutem
613 3600 700 3656 recte
721 3591 926 3658 Hermannus
949 3613 990 3659 ex
1011 3591 1041 3659 B
1062 3615 1159 3659 manu
1182 3617 1189 3654 :

357 3697 461 3764 Immo
484 3703 551 3782 oro,
571 3707 607 3764 ut
628 3698 738 3782 facias,
760 3690 935 3786 Chry'sala,
958 3709 991 3765 et
1011 3700 1200 3789 teddpsacro

260 3801 324 3886 (ted
342 3803 465 3872 obsecdo
487 3805 524 3891 (l,
545 3818 572 3872 te
592 3806 713 3874 obsecro
728 3805 803 3890 DF)
825 3807 973 3874 elicuisse
988 3807 1116 3874 videtur
1130 3822 1157 3874 te
1170 3808 1209 3875 id
1223 3807 1350 3885 obsecro,

258 3911 352 3978 modo
374 3934 552 4000 pronomen
580 3915 615 3981 id
642 3915 681 3981 ad
710 3913 932 3982 antecedentia
960 3917 1136 4001 referatur,
1165 3938 1231 3982 non
1252 3914 1292 3981 ad
1314 3935 1351 3980 ea

259 4039 341 4107 quae
368 4030 546 4108 sequuntur
567 4044 574 4086 :
596 4021 699 4109 ,Once
723 4027 824 4108 parata
853 4023 887 4089 a'a
916 4045 983 4089 eam
1011 4024 1134 4090 dicere“
1155 4046 1163 4088 :
1184 4024 1245 4090 hoc
1267 4021 1350 4088 enim

256 4148 321 4193 non
341 4136 447 4216 potest
468 4126 547 4212 fieri,
568 4128 630 4196 nisi
650 4154 670 4196 a
689 4129 914 4217 conjunctione
935 4153 1074 4220 sequens
1095 4133 1255 4201 sententia
1273 4131 1348 4198 inei·

257 4235 313 4325 pit,
335 4246 371 4305 ut
391 4235 510 4304 Pseud.
531 4243 592 4304 442
