2946 4870
1255 363 1274 430 7

181 549 269 636 plum
290 545 539 636 praepositionis
559 566 625 610 non
645 542 849 626 accusativo,
877 551 914 610 ut
934 544 1047 614 seriori
1068 554 1191 628 aetate,
1220 545 1277 612 sed

180 656 322 722 ablativo
340 653 483 742 junctae,
504 654 524 718 l.
547 659 588 718 24
609 673 793 737 „arvorsam
814 651 876 718 eod
895 675 991 738 poem
1007 656 1126 738 suprad
1137 659 1277 740 eampum

180 763 262 837 set⁰¹3
292 762 468 829 ablativum
495 759 580 826 enim
607 759 716 848 potius
745 781 843 848 quam
863 759 996 848 pluralis
1016 770 1165 835 neutrum
1186 784 1276 828 nece

181 871 277 936 dente
297 870 411 938 eodem
432 871 480 952 D,
502 867 590 957 quod
616 868 651 936 in
672 867 830 954 singulari
851 867 1093 954 agnoscendum
1120 877 1184 951 est,
1217 869 1278 934 eud

180 1000 260 1062 esse,
282 987 314 1044 et
336 978 499 1066 geminum
517 975 665 1064 regimen
686 977 837 1040 Moesos
857 974 916 1040 tao
936 974 971 1039 in
990 975 1159 1062 plebiscito
1182 973 1276 1042 Silio

178 1108 251 1152 rum
279 1085 366 1174 apud
394 1085 481 1152 Fest
503 1107 534 1174 p.
558 1089 617 1149 246
638 1081 756 1173 probat
783 1091 816 1149 et
843 1092 931 1148 recte
956 1081 1039 1148 vidit
1059 1081 1105 1148 M.
1130 1080 1276 1150 Schmidt

179 1194 219 1262 te
240 1215 329 1282 prou.
351 1216 400 1280 gr.
419 1201 451 1258 et
471 1193 526 1260 lat
548 1214 581 1281 p.
604 1195 644 1256 86
668 1188 727 1276 (l).
769 1190 815 1258 Al
830 1188 876 1256 eri
905 1190 1053 1277 exemplo
1076 1191 1133 1256 aed
1152 1189 1275 1257 formae

179 1323 252 1366 cum
268 1299 508 1389 praepositione
524 1299 657 1386 junctae
677 1297 711 1363 in
725 1298 818 1365 titulo
835 1297 958 1365 extenti
972 1320 1087 1364 vereor
1100 1319 1141 1362 ne
1162 1298 1276 1364 eadem

178 1408 343 1475 excusatio
365 1406 509 1474 adhiberi
531 1429 597 1474 nou
627 1405 736 1493 possit
780 1405 916 1495 Legitur
937 1406 972 1471 in
991 1406 1102 1473 tabula
1123 1405 1275 1492 Bantine,

176 1515 196 1580 l
214 1521 252 1581 18
268 1541 275 1580 :
298 1515 547 1602 „Quacumque
563 1537 599 1582 eo
612 1561 620 1578 .
635 1517 780 1580 comma.
798 1514 932 1599 accepite
948 1561 957 1578 .
972 1525 1000 1578 et
1014 1562 1022 1576 .
1038 1536 1088 1578 eoa
1102 1561 1110 1577 .
1124 1519 1197 1600 qai.
1213 1539 1274 1583 eor.

175 1626 204 1690 t.
227 1624 391 1708 lapsui.
414 1619 731 1709 eed.ybururint“.
753 1667 792 1685 ..
836 1618 921 1686 Nam
940 1621 1024 1706 apud
1036 1619 1107 1708 jam
1128 1620 1161 1685 in
1184 1618 1219 1687 S.
1236 1620 1275 1689 O.

176 1730 217 1796 de
237 1730 333 1796 Bace
358 1731 461 1814 ,opud
480 1730 584 1794 aedem
609 1727 782 1794 metuar
805 1727 893 1793 etin
914 1726 986 1814 ipsa
1006 1727 1066 1792 hac
1086 1726 1168 1816 lege,
1191 1751 1274 1816 quae

176 1846 282 1904 aetate
306 1837 347 1904 ab
368 1836 502 1923 antiqua
522 1833 579 1905 illa
601 1831 808 1901 construendi
828 1834 978 1923 libertate
1002 1835 1072 1922 jem
1093 1835 1199 1902 aliena
1220 1859 1274 1902 ex·

174 1954 266 2010 erata
296 1951 358 2024 est,
390 1942 472 2007 l20
500 1941 608 2030 „epod
639 1941 843 2028 qrwertcrem“
870 1941 1023 2028 jungitur
1052 1964 1125 2008 cum
1158 1952 1273 2032 quarto

174 2074 251 2118 casu
272 2075 280 2117 r
302 2051 348 2116 ita
367 2059 404 2114 ut
424 2071 497 2115 eum
519 2050 574 2135 qui
593 2049 655 2116 hoe
683 2048 906 2138 apographum
932 2047 1015 2138 legis
1044 2047 1212 2118 Romanae
1240 2049 1274 2116 in

174 2159 303 2224 Bansae
334 2157 423 2225 urbis
454 2179 548 2222 usum
575 2155 730 2241 confecit,
760 2155 1028 2243 quemadmodum
1063 2157 1275 2244 neglegenter

173 2265 195 2332 l.
226 2270 245 2329 8
272 2268 378 2350 pariat
411 2285 470 2350 pro
499 2276 613 2349 pereat
641 2263 721 2329 etl.
754 2267 789 2328 15
818 2263 984 2329 advetulam
1015 2287 1075 2351 pro
1107 2265 1275 2346 advorsum

174 2371 312 2460 scripsit,
332 2391 435 2457 aeque
456 2370 529 2436 stilo
552 2369 585 2436 in
606 2371 764 2438 reforma
785 2392 937 2458 peccasse
965 2369 1111 2438 dixerim.
1154 2373 1273 2464 Neque

173 2479 274 2546 Novii
300 2477 434 2561 Plautii,
465 2477 521 2568 qui
550 2478 861 2566 praestantissimam
883 2477 998 2544 cistam
1027 2477 1272 2548 Praenestinam

173 2586 292 2654 eximia
312 2585 475 2652 caelatura
497 2586 677 2669 exornavit,
699 2586 846 2652 manibus
867 2586 1018 2675 injuriam
1044 2587 1200 2654 faciemus
1206 2638 1216 2672 ,
1246 2589 1273 2654 si

172 2696 277 2761 minus
297 2694 396 2760 latine
417 2694 619 2782 inscripsisse
647 2715 720 2759 eum
745 2715 919 2781 arguemus
940 2718 948 2759 ι
971 2693 1107 2780 ,Novio
1129 2697 1272 2762 Plautios

171 2805 241 2866 med
266 2801 386 2866 Romal
409 2799 515 2886 fectu.
570 2799 690 2866 Dinde'c
724 2800 884 2866 Maoolnio
909 2801 990 2888 pilea
1023 2803 1132 2868 deaut.
1186 2803 1272 2870 Nam

173 2931 372 2998 quamquam
385 2929 451 2976 non
466 2929 508 2974 ex
523 2905 611 2974 Osca
632 2927 691 2972 sua
712 2906 859 2990 dialect0,
882 2930 924 2973 ex
945 2931 1010 2996 qua
1024 2908 1119 2996 feeid
1136 2909 1272 2977 formem

243 3265 281 3333 (1)
301 3265 467 3332 Quamquam
484 3281 538 3316 non
552 3265 615 3331 jure
631 3265 701 3318 idem
719 3283 854 3323 morasse
871 3267 921 3319 end
937 3269 1110 3335 compositum
1125 3268 1273 3338 appellavit,

170 3351 275 3402 collatis
292 3360 381 3421 ponsa
396 3360 531 3420 propterea
547 3352 644 3404 interea
660 3357 725 3405 oet:
745 3359 848 3419 poterat
860 3354 947 3420 aptius
961 3368 1112 3421 comparare
1127 3364 1273 3422 puderse-

170 3454 254 3507 mm,
271 3447 448 3506 posteaquam
465 3437 582 3490 sednon
599 3439 684 3505 magis
702 3437 765 3490 illae
782 3453 860 3492 voees
878 3440 907 3490 in
921 3455 1002 3490 unam
1014 3440 1174 3505 coaluerunt,
1193 3457 1273 3506 quam

170 3525 198 3576 id
216 3523 293 3590 quod,
311 3529 449 3590 postquam
467 3524 632 3576 cousuetudo
650 3527 778 3576 sermonis
796 3526 880 3592 ejecto
897 3525 1102 3578 demonstrativo
1120 3528 1273 3593 pronomine

169 3609 387 3676 praepositionem
408 3623 468 3662 curn
491 3627 568 3678 quam
593 3617 731 3664 coarctare
753 3612 839 3664 voluit
860 3614 887 3664 in
911 3614 1135 3681 alteramenta,
1158 3623 1273 3682 morkr-

171 3711 259 3764 qaum,
282 3703 444 3762 uunquam,
468 3713 632 3765 superposui,
653 3715 808 3767 praequam,
829 3715 966 3768 proquam,
989 3699 1085 3749 iterum
1108 3700 1271 3763 Quintiliano

170 3780 272 3847 placuit
290 3789 395 3849 praeter
418 3781 446 3832 ot
466 3784 538 3850 quod.
575 3783 756 3850 compositum
778 3790 866 3836 autem
889 3790 930 3836 est
951 3785 1053 3853 portione
1071 3784 1088 3839 l.
1110 3790 1156 3850 133
1179 3779 1273 3839 contra

172 3867 242 3934 quod
260 3870 335 3920 iuter.
358 3867 408 3920 ibet
424 3867 441 3917 l.
461 3871 494 3920 20
511 3875 609 3935 puncto
627 3869 820 3923 discretarum
836 3877 863 3921 et
885 3870 1002 3922 locativa
1025 3873 1066 3924 vis
1087 3875 1147 3924 voci
1170 3875 1273 3926 interibi

170 3957 258 4008 inesse
276 3961 412 4022 praeterea
428 3969 481 4005 non
499 3956 632 4007 invenitur
649 3957 721 4024 (nam
738 3957 829 4007 Afran.
849 3959 897 4008 138
915 3957 973 4008 Rib.
991 3961 1064 4010 utin
1082 3960 1194 4028 abrupto
1211 3960 1271 4012 loeo

171 4040 239 4091 nihil
261 4041 328 4092 certi
351 4045 465 4093 statuere
493 4042 654 4109 praestabit),
682 4044 773 4094 neseio
796 4057 829 4093 an
851 4037 916 4095 ister
937 4045 1027 4111 potius
1049 4062 1096 4112 per
1118 4047 1215 4098 tmesin
1238 4047 1271 4097 ad

171 4141 284 4192 sequens
302 4128 416 4192 arsulae
433 4126 597 4182 referendum
614 4129 656 4192 sit,
674 4134 704 4180 ut
720 4129 800 4179 etism
809 4129 914 4182 Luerst.
927 4131 964 4182 IV
981 4135 1040 4197 833,
1058 4133 1089 4184 V.
1104 4135 1152 4185 287
1170 4133 1268 4199 majore

172 4209 306 4279 dispendio
324 4212 399 4266 verbi
414 4229 475 4266 cum
491 4215 556 4268 ieter
573 4215 712 4282 compositi
729 4221 818 4284 partes
836 4218 958 4269 secernit.
1159 4205 1162 4212 ²
