2946 4870
252 335 292 398 52

333 511 424 578 Haec
446 512 598 602 exempla
627 509 732 576 adhuc
762 517 919 596 congesta
952 509 1082 596 repperi
1108 507 1210 576 mixta
1233 508 1353 598 imper

251 619 329 686 lecti
349 628 382 686 et
401 618 727 710 plusquamperfecti,
761 638 899 706 quorum
929 615 963 682 in
983 639 1021 682 eo
1051 639 1171 704 genere
1194 599 1354 704 exiguum

253 733 301 792 est
338 726 526 811 discrimem
562 747 703 814 namque
740 732 776 790 ut
814 725 1072 812 praetermittam
1107 723 1355 810 conjunctivum

252 835 388 923 perfecti
417 856 475 923 pro
508 832 670 923 praesenti
696 830 843 920 jubentis
864 840 897 896 et
917 831 1090 920 praecipue
1112 830 1254 898 vetantis
1276 831 1356 920 poni

253 943 356 1011 solere
378 942 423 1029 (v.
445 941 589 1030 Madvig.
612 962 723 1029 opusc.
744 939 781 1005 H
806 939 898 1024 105),
929 938 963 1004 in
984 938 1127 1020 actione,
1154 961 1251 1028 quem
1275 948 1357 1005 tem-

253 1073 333 1139 pore
367 1047 540 1139 praeterito
575 1047 647 1114 fieri
681 1045 829 1116 debuisse
862 1045 1011 1131 dicimus,
1057 1069 1171 1134 parum
1207 1047 1361 1132 interest,

252 1168 362 1224 utrum
390 1157 575 1245 exigamur,
616 1163 653 1221 ut
680 1154 735 1221 illo
765 1153 834 1241 ipso
864 1164 1010 1242 tempore
1037 1164 1144 1220 actum
1165 1154 1222 1238 sit,
1255 1178 1299 1220 an
1321 1164 1360 1220 ut

251 1273 327 1333 ante
354 1265 444 1333 aliud
474 1265 562 1355 quod
590 1273 623 1331 et
650 1263 756 1352 ipsum
783 1261 1011 1350 praeteritum,
1043 1271 1077 1328 at
1102 1262 1178 1328 huic
1203 1264 1357 1350 tempori,

252 1395 317 1462 quo
350 1374 532 1463 loquimur,
563 1371 694 1462 propius
725 1380 783 1438 est
840 1370 936 1452 Quod
970 1381 1080 1438 autem
1102 1394 1201 1460 supra
1231 1371 1303 1436 dixi
1337 1396 1357 1439 a

252 1481 421 1570 Madvigio
443 1505 512 1569 rem
540 1504 606 1548 non
636 1502 705 1546 esse
733 1479 953 1546 illustratam:
982 1479 1052 1568 ipse
1073 1478 1134 1546 sibi
1154 1479 1358 1546 contradixit

252 1591 287 1658 in
301 1590 525 1678 explicatione.
570 1589 657 1656 Nam
672 1611 746 1654 cum
760 1586 851 1653 initio
867 1586 1121 1655 condicionalem
1136 1608 1205 1652 esse
1219 1586 1357 1654 modum

253 1696 418 1782 docuerit,
443 1697 605 1783 jussivum
626 1697 764 1764 eundem
792 1719 871 1762 mox
891 1696 1044 1784 appellat.
1086 1694 1222 1762 Jussivo
1244 1706 1356 1763 autem

251 1815 289 1872 ut
308 1805 496 1892 negandum
516 1813 655 1872 nonest
681 1805 715 1870 in
736 1803 868 1893 periodo
899 1803 1107 1893 hypothetica
1134 1805 1242 1869 locum
1272 1827 1358 1888 esse,

251 1913 298 1979 ita
319 1934 383 1978 non
407 1935 537 2000 semper
563 1912 712 1978 astrictus
741 1921 791 1978 est
820 1912 1010 1978 condicioni.
1053 1911 1158 1978 Immo
1185 1913 1356 2000 praeclare

253 2019 393 2092 ostendit
418 2021 574 2090 ¹Etulerus
608 2019 643 2084 in
678 2019 761 2088 libro
799 2019 1181 2108 ,Spracberiirteruapeff
1220 2020 1354 2088 Vratisl.

255 2134 333 2195 1826
355 2152 386 2194 v.
401 2128 455 2196 IX
477 2138 510 2194 et
525 2127 705 2196 Comment.
728 2127 768 2194 de
789 2129 937 2217 enallage
955 2128 1081 2217 imperf.
1102 2152 1151 2217 pr.
1167 2129 1356 2218 plusquam-

253 2238 337 2325 peri.
359 2238 393 2304 in
415 2239 438 2307 J
440 2236 515 2303 ahni
536 2237 653 2303 Annel.
679 2241 756 2303 1829
778 2259 811 2324 p.
835 2243 893 2302 212
916 2259 984 2324 sqq.
1016 2236 1127 2324 (quem
1149 2247 1279 2303 secutus
1303 2247 1354 2303 est

254 2345 426 2434 Krltgerus
457 2344 636 2414 Grammat.
665 2343 721 2410 lat.
753 2347 855 2427 §458
885 2368 933 2432 sq.
964 2351 1019 2411 641
1045 2369 1077 2412 u.
1102 2346 1151 2430 7),
1192 2344 1355 2433 duplicem

254 2474 324 2517 esse
343 2453 419 2536 vim,
441 2474 525 2538 quae
545 2453 734 2540 imperfecto
755 2452 790 2518 in
811 2453 945 2540 apodosi
965 2455 1069 2541 possit
1089 2453 1209 2536 inesse,
1239 2462 1276 2519 ut
1297 2464 1356 2520 aut

252 2559 294 2625 ad
315 2559 446 2625 modum
467 2559 648 2646 imperfecti
669 2569 701 2625 et
730 2559 839 2626 aoristi
860 2560 989 2628 indicat.
1025 2560 1134 2649 graeci
1154 2583 1213 2650 pro
1247 2563 1355 2630 condi-

256 2665 372 2733 cionali
398 2665 567 2754 praesenti,
587 2656 771 2733 habendur'n
800 2665 841 2732 sit
877 2677 909 2734 et
938 2677 1052 2736 mutua
1083 2668 1240 2736 relatione
1278 2694 1354 2738 cum

253 2777 352 2844 verbo
375 2774 591 2864 hypotheseos
614 2775 800 2860 cohaereat,
832 2785 888 2843 aut
908 2800 986 2843 vcro
1009 2801 1100 2844 suam
1121 2777 1188 2845 vim
1209 2779 1353 2847 retinens

250 2883 427 2968 potentialia
444 2885 609 2970 praeteriti
625 2881 729 2951 vicem
751 2894 855 2971 gerat.
898 2885 996 2952 Modo
1018 2886 1067 2952 vir
1088 2887 1200 2956 doetus
1221 2910 1263 2953 ne
1279 2891 1353 2958 sub

255 2990 388 3057 stitisset
408 2992 441 3056 in
471 2993 532 3057 hoo
560 2993 690 3058 nomine
718 2993 812 3060 nimis
841 3002 980 3081 angusto
1009 3033 1049 3044 -
1080 3019 1276 3086 quamquam
1296 3019 1352 3064 ex·

254 3095 345 3160 tendi
376 3096 409 3161 id
439 3098 480 3162 ab
502 3099 573 3184 ipso
605 3100 746 3165 varietas
766 3099 939 3166 verborum
960 3101 1183 3187 auxiliarium,
1214 3125 1299 3192 quae
1319 3104 1353 3170 in

255 3200 412 3268 tradendo
434 3201 582 3288 adhibet,
609 3203 730 3271 indicat
750 3241 806 3289 —,
828 3208 883 3274 sed
905 3209 1112 3294 conjunctivo
1133 3212 1228 3279 modo
1249 3213 1353 3280 latum

256 3333 420 3400 eampum,
458 3311 513 3402 qui
540 3312 625 3380 intra
653 3312 734 3380 fines
763 3317 1076 3385 commemorationis
1101 3341 1211 3386 rerum
1238 3343 1354 3386 revera

256 3418 416 3487 factarum
449 3430 482 3487 et
515 3420 740 3508 postulationis
778 3423 959 3492 necessario
997 3425 1218 3494 faciendarum
1249 3438 1353 3516 patet,

255 3528 431 3597 tribuisset.
475 3527 541 3596 Sed
562 3537 599 3595 ut
619 3529 660 3595 de
681 3530 810 3598 nominc
830 3555 871 3598 ne
892 3533 1044 3619 rixemur,
1065 3545 1154 3602 recte
1174 3537 1224 3604 vir
1238 3536 1354 3604 doctus

254 3633 338 3702 vidit
358 3634 427 3702 sine
449 3635 638 3704 condicione
659 3638 746 3707 diota
774 3663 846 3708 esse
867 3643 1011 3709 crederes
1033 3641 1146 3710 deberes
1168 3645 1255 3731 sim,
1285 3645 1353 3734 qui-

253 3742 315 3807 bus
336 3754 506 3812 narrantes
528 3746 682 3813 lectorem
704 3749 898 3836 compellent
914 3749 972 3836 (l).

326 4017 363 4084 (1)
382 4017 473 4070 Obiter
492 4037 626 4076 monemus
644 4040 749 4094 perraro
772 4026 870 4079 talibus
893 4029 1055 4095 imperfectis
1072 4047 1134 4084 usos
1151 4047 1210 4084 esse
1228 4035 1354 4098 comicos,

255 4105 389 4244 ptdll’laut
406 4105 483 4162 Ouro.
504 4109 562 4159 381.
580 4111 640 4162 Ter.
650 4111 747 4166 Heaut.
765 4113 792 4165 11
810 4115 834 4178 3,
847 4116 879 4168 66
899 4121 971 4168 recte
988 4123 1080 4169 eontra
1097 4118 1244 4170 Bentlsium
1262 4119 1352 4172 Fleck.

275 4207 290 4244 e
309 4193 352 4242 'tt
