2946 4870
259 552 357 619 quam
379 531 409 598 B
431 533 629 621 corruptelae
650 533 845 618 auctionem3
867 557 932 624 qua
953 535 1082 624 quidem
1097 557 1174 603 usus
1189 535 1217 600 si
1231 535 1362 624 Kamp-

256 661 394 706 mannus
416 661 457 706 ex
478 639 564 706 teddo
584 640 691 706 effecit
711 653 803 726 nepte,
834 665 900 708 non
929 652 1036 731 potest
1063 644 1103 710 ad
1131 642 1249 709 similes
1275 643 1361 710 duc·

259 755 350 812 tuum
382 747 561 814 litterarum
589 749 844 836 permutationes
869 751 962 818 codd.
991 751 1139 840 proprias
1166 773 1360 838 provocare.

257 853 329 920 Nec
349 854 453 944 magis
475 854 563 922 Men.
589 861 667 922 1026
689 881 697 922 :

802 964 869 1032 Por
888 965 1006 1034 Jovem
1029 965 1144 1052 adjuro
1165 975 1292 1053 patrem

300 1069 407 1156 Mcptc
429 1091 519 1138 erum
542 1080 631 1136 tuum
652 1095 717 1138 non
739 1094 810 1138 esse

259 1201 332 1244 cum
352 1175 464 1244 Fleck.
486 1178 579 1244 codd.
601 1179 732 1260 lectioni
753 1203 799 1244 me
819 1180 1059 1246 substituemus.

342 1289 389 1352 lb.
432 1285 536 1350 Immo
559 1295 609 1352 est
630 1287 681 1353 hic
703 1289 794 1353 locus
816 1287 850 1352 in
871 1309 1007 1354 numero
1030 1309 1213 1375 paucorum,
1234 1287 1267 1352 in
1279 1290 1358 1376 -qui-

255 1393 316 1458 bus
344 1413 402 1479 per
431 1415 561 1460 versum
589 1393 663 1462 licet
690 1395 825 1462 formam
855 1417 914 1483 por
942 1417 977 1462 se
1008 1395 1138 1462 minimo
1169 1405 1356 1483 suspectam

254 1511 361 1565 manet
381 1500 549 1568 admittere
571 1527 579 1567 ε
600 1503 663 1587 „M
667 1504 685 1568 e'
690 1515 761 1568 met
781 1516 809 1568 et
829 1525 915 1568 eram
936 1503 1047 1570 tuam.“
1090 1502 1131 1568 In
1152 1501 1356 1570 admittendo

256 1607 340 1674 enim
362 1608 543 1676 cautionem
559 1610 673 1677 suadet
688 1611 786 1678 dubia
805 1611 936 1677 alterius
951 1609 1072 1676 vocatis
1084 1632 1244 1693 mensura,
1267 1633 1356 1698 quae

254 1715 409 1782 radicitus
430 1718 588 1804 producta
608 1741 670 1784 usu
691 1719 906 1806 posteriorum
928 1728 1096 1806 petitarum
1117 1728 1266 1807 correpta
1292 1727 1354 1803 est,

255 1823 341 1908 apud
362 1823 514 1890 Plautum
542 1835 649 1892 autem
678 1849 744 1892 non
774 1825 836 1893 nisi
865 1827 911 1894 eis
937 1848 1051 1894 versus
1082 1826 1160 1892 locis
1181 1827 1353 1914 reperitur,

255 1929 311 2018 qui
339 1940 510 2019 utramque
539 1932 760 2000 extensionem
787 1935 949 2022 recipiunt
975 1959 983 1999 r
1017 1957 1092 2000 nam
1122 1936 1210 2023 quod
1237 1934 1351 2000 Fleck.

254 2036 354 2104 Jahn.
369 2039 489 2104 Annal.
501 2039 583 2106 LXI
598 2065 628 2128 p.
644 2047 684 2108 33
699 2041 775 2108 Not.
790 2043 909 2130 Amph.
930 2048 987 2107 102
1008 2042 1196 2128 „ipsemet
1215 2047 1248 2108 ia
1267 2065 1352 2108 excr-

255 2145 435 2233 cr'tom“pr0
445 2148 685 2216 creticohabuit
695 2159 829 2238 propter
839 2159 966 2216 acutam
978 2149 1116 2232 finalem,
1132 2148 1227 2216 fidem
1238 2149 1352 2216 habuit

254 2253 431 2322 Ritschclio
452 2254 585 2344 Proleg.
607 2280 639 2345 p.
663 2263 722 2324 229
745 2257 876 2347 quidem
896 2258 1111 2325 intensionem
1133 2257 1266 2328 ultimae
1287 2260 1352 2344 syl-

254 2362 347 2428 labae
368 2364 458 2429 vocis
479 2364 658 2454 dactylicae
680 2366 812 2449 vetanti,
834 2367 891 2432 sed
904 2365 989 2452 jam,
1011 2376 1047 2432 ut
1069 2364 1268 2433 Corssen-II
1289 2371 1350 2432 462

253 2470 350 2555 vidit,
385 2471 426 2537 ab
449 2473 519 2559 ejus
545 2473 629 2560 legis
658 2475 829 2540 severitate
858 2474 1035 2542 remittenti
1062 2470 1116 2561 (cf.
1140 2472 1254 2539 Pseud.
1278 2479 1349 2540 359.

253 2577 355 2643 Mero.
381 2584 470 2644 1008.
500 2579 541 2646 ad
564 2579 654 2646 Pers.
677 2581 764 2665 487).
829 2580 944 2668 Itaque
973 2603 1047 2646 cum
1077 2580 1288 2668 oppositionis
1316 2580 1350 2645 vi

253 2684 451 2752 efferendum
480 2686 521 2751 sit
547 2707 724 2772 pronomen
762 2685 857 2774 Capt.
880 2690 955 2770 976,
991 2709 1078 2754 nunc
1110 2709 1188 2754 vero
1217 2688 1350 2756 elisione

253 2795 445 2861 obscuretur

296 2901 410 2984 Serva,
433 2901 589 2990 Juppiter
611 2925 771 2990 supreme,
793 2903 840 2968 me‘
859 2912 891 2969 et
911 2925 1018 2970 meum
1041 2906 1176 2990 gnatum
1197 2902 1284 2985 mihi,

253 3009 436 3096 scripserim
470 3013 619 3097 „me‘mct
645 3023 673 3076 et
695 3017 822 3101 qaantm
847 3011 947 3078 mitat
968 3034 990 3074 .:
1022 3010 1227 3097 Quamquam
1255 3032 1296 3075 nc
1322 3011 1348 3076 is

253 3114 400 3203 quidem,
437 3117 492 3203 qui
520 3119 722 3184 immutatam
751 3117 844 3184 codd.
871 3117 1041 3184 lectionem
1070 3128 1195 3202 servat,
1236 3125 1350 3184 contra

253 3231 353 3288 artem
374 3223 464 3288 facit.
507 3223 558 3290 Of.
574 3224 650 3290 Ter.
672 3224 791 3290 Heaut
813 3222 893 3304 ΙΙ3,
912 3231 970 3290 110
990 3247 998 3288 :
1021 3225 1084 3310 „Et
1104 3249 1156 3292 me
1176 3227 1210 3292 e‘t
1229 3249 1349 3292 meam

252 3353 384 3398 amorem
405 3343 433 3396 et
445 3329 575 3417 frimam
593 3332 734 3416 permitti
755 3329 851 3413 abd,
880 3328 988 3399 Oasin.
1011 3331 1350 3419 114,2o:1b2·290

252 3453 287 3507 tc
315 3450 349 3504 ct
374 3440 593 3525 soffrdpotores
615 3441 682 3504 tudo
701 3441 835 3506 clericor
862 3463 890 3504 .·.·
919 3441 1069 3506 Attamen
1110 3441 1228 3529 Neque
1256 3440 1348 3506 Asin.

253 3551 313 3614 352
334 3571 354 3614 a
376 3546 539 3613 sententia
560 3545 723 3634 respuitur
742 3547 940 3633 pronominis
960 3548 1086 3637 plenior
1107 3547 1230 3637 species
1244 3569 1251 3611 :
1265 3547 1349 3612 Dico

253 3679 305 3720 me
326 3655 580 3721 cornubiensem.
625 3652 676 3719 Sic
698 3654 755 3720 boe
776 3659 926 3742 respondit
945 3657 1018 3722 mibi
1045 3679 1053 3720 :
1086 3657 1143 3724 sed
1164 3654 1237 3722 huic
1257 3654 1348 3743 sylla-

250 3763 324 3828 bam
347 3761 561 3829 desideratam
591 3762 651 3828 alio
678 3762 749 3828 loco
778 3762 914 3829 reddere
936 3765 1125 3852 praestabit.
1168 3763 1254 3830 Nam
1275 3785 1348 3829 cum

251 3867 385 3935 callidus
414 3891 526 3936 servus
547 3870 618 3956 jam
647 3869 687 3936 de
716 3870 795 3936 hero
826 3893 884 3938 suo
915 3871 1150 3959 interrogatum
1179 3878 1348 3938 narratae

250 3974 455 4063 respondisse
475 4000 483 4040 :

293 4083 377 4150 Dico
389 4105 440 4150 me
451 4087 581 4150 novisse
597 4082 757 4172 extemplo
772 4094 804 4152 et
816 4108 867 4150 me
882 4086 952 4172 ejus
964 4106 1090 4152 servom
1097 4086 1248 4170 proe‘dico
1257 4059 1347 4169 Esse,

252 4192 316 4279 jam
338 4215 412 4262 cum
432 4191 465 4262 in
493 4190 664 4258 atriensem
691 4215 798 4260 sermo
823 4191 985 4276 inciderit,
1018 4191 1179 4280 extemplo
1209 4193 1285 4260 facit
1314 4215 1348 4260 se
