2946 4870
390 1621 434 1706 Π
489 1623 556 1708 Da
578 1626 745 1735 jussivo
774 1629 977 1738 temporis
1006 1627 1247 1738 praeteriti.

351 1855 607 1925 Constructionis
639 1862 794 1927 sermonis
824 1861 917 1930 latini
944 1863 1033 1951 leges
1065 1885 1139 1929 oum
1159 1885 1201 1930 eo
1239 1859 1377 1928 oonsilio

267 1964 372 2031 adhuc
391 1965 459 2032 fere
481 1966 515 2032 in
536 1967 661 2034 artibus
682 1969 902 2055 grammaticis
930 1971 1151 2037 consideratae
1178 1980 1291 2061 atque
1315 1967 1375 2034 ool-

265 2073 370 2140 leotae
391 2074 466 2152 sint,
487 2083 524 2141 ut
545 2075 704 2142 discentes
725 2077 820 2143 simul
841 2077 906 2143 stili
927 2079 1110 2166 praeceptis
1128 2077 1371 2157 imbuerentur,
1440 2117 1441 2180 J

265 2183 387 2250 factum
399 2190 455 2267 est,
470 2191 507 2250 ut
516 2205 627 2250 eorum
635 2185 837 2272 potissimum
848 2183 1048 2274 scriptorum,
1064 2209 1203 2275 quorum
1214 2184 1370 2273 exempla
1440 2187 1441 2212 ³

266 2293 430 2381 sequenda
451 2302 525 2360 sunt
545 2292 732 2372 imitaturis,
763 2295 845 2360 ratio
867 2293 1058 2378 haberetur,
1086 2304 1216 2361 veteres
1246 2303 1366 2369 autem,

264 2401 292 2466 si
319 2423 382 2488 qua
410 2400 452 2469 ab
483 2397 609 2467 illorum
638 2423 700 2466 usu
727 2401 931 2484 recederent,
964 2401 1210 2489 exceptionibus
1238 2400 1366 2468 exclusi

263 2507 367 2575 obiter
395 2518 522 2574 tantum
549 2520 893 2593 commemorarentur3
934 2512 984 2575 sin
1015 2511 1159 2577 facerent
1187 2535 1265 2577 cum
1295 2505 1364 2588 illis,
1437 2546 1438 2588 J

261 2616 451 2706 plerumque
472 2620 735 2706 neglegerentur.
779 2617 845 2686 Sed
873 2639 1004 2706 exque
1033 2619 1238 2706 grammatici
1268 2639 1363 2684 voca·

261 2724 410 2791 bulorum
431 2725 551 2792 formas
572 2735 606 2791 et
631 2724 884 2811 significationes
913 2727 960 2791 ita
987 2726 1133 2810 demum,
1165 2727 1192 2792 si
1213 2728 1257 2795 ad
1281 2724 1361 2793 anti·

261 2835 415 2924 quissime
434 2843 642 2902 monumenta
608 2831 839 2901 ttdescenda
825 2843 894 2918 tur,
931 2834 1080 2920 pernosci
1099 2855 1196 2922 posse
1217 2843 1249 2900 et
1271 2832 1360 2900 vide
1440 2923 1441 2930 ἵ

259 2953 336 3010 runt
357 2954 389 3010 et
410 2944 575 3066 praeclaro
598 2965 693 3032 saepe
715 2953 835 3010 eventu
856 2939 1082 3024 ostenderunt,
1105 2941 1283 3009 extitersmt
1305 2939 1358 3005 ali·
1440 2933 1441 2936 '

259 3059 339 3136 quot
359 3050 421 3115 viri
441 3052 545 3134 docti,
578 3052 633 3138 qui
656 3052 753 3116 etiam
774 3049 915 3138 origines
937 3059 969 3117 et
992 3049 1143 3116 decursus
1175 3050 1358 3135 „perfectae

257 3157 445 3241 matronis‘ss
477 3170 514 3223 ut
535 3180 608 3223 curn
629 3157 796 3224 Prisciano
818 3158 949 3245 loquar,
979 3156 1253 3244 investigandos
1243 3167 1356 3247 rtaque

257 3264 298 3332 ab
320 3263 420 3330 altera
442 3286 572 3353 quoque
592 3275 683 3353 parte
698 3265 849 3332 historiae
865 3266 1021 3332 sermonis
1039 3266 1131 3331 latini
1145 3265 1356 3332 fundamenta

250 3373 405 3461 jacienda
434 3396 504 3440 esse
532 3374 795 3461 profiterentur.
825 3397 961 3462 quorum
983 3375 1128 3440 virorum
1155 3397 1197 3440 ex
1217 3394 1353 3440 numero

255 3483 438 3550 nominasse
453 3482 640 3550 sufficietF.
654 3481 821 3567 Haemum,
845 3481 901 3572 qui
916 3483 949 3547 in
964 3481 1098 3548 concilio
1114 3481 1354 3570 philologorum

255 3587 503 3662 Vratislaviensi
533 3617 572 3661 ea
610 3593 651 3660 de
682 3615 718 3660 re
748 3613 883 3658 monens
918 3591 1003 3658 idem
1037 3592 1169 3678 egregio
1202 3589 1351 3678 exemplo
1440 3625 1441 3628 κ

253 3703 402 3787 praeivit.

334 3809 451 3896 Longe
473 3833 513 3876 au
515 3819 580 3875 tem
600 3809 754 3896 majorem
784 3803 1074 3872 differentiamt
1026 3828 1060 3870 m
1060 3815 1110 3872 ter
1139 3805 1348 3871 vetustiorum

253 3923 286 3980 et
305 3915 513 3980 classicorum
542 3917 720 3983 orationem
751 3910 1062 3999 deprehendimus
1053 3934 1087 3976 1n
1115 3933 1247 3978 casuum
1269 3921 1347 3978 stru

253 4032 344 4089 ctura
366 4044 462 4110 quam
483 4023 517 4088 in
538 4033 720 4112 temporum
742 4031 774 4087 et
795 4019 963 4085 modorum
985 4041 1047 4085 usu
1068 4041 1076 4083 ι
1098 4020 1191 4104 cujus
1211 4020 1238 4084 si
1261 4019 1344 4107 apud

251 4132 312 4198 hos
340 4128 515 4219 singularia
545 4131 703 4219 quaedam
736 4138 768 4195 et
799 4149 957 4195 anorma
986 4125 1171 4192 recedentia
1199 4127 1343 4212 exempla

252 4250 439 4330 occurrunt,
468 4259 541 4306 raro
563 4259 602 4304 ea
622 4235 795 4303 insolentia
821 4233 864 4302 ad
885 4240 1086 4300 constantem
1104 4229 1231 4297 illorum
1252 4255 1341 4298 usum
