2946 4870
1182 437 1223 500 37

168 613 221 678 Pa
243 635 251 678 τ
274 610 362 680 Sane
383 609 568 678 faciundum
590 591 716 677 censeo.
762 611 808 678 Ge
830 635 838 677 ε
860 612 890 680 0
913 614 970 680 lux
992 616 1113 703 oppidi.

168 719 240 805 Ep:
253 718 289 788 si
299 723 368 786 arte
379 719 502 807 poteris
517 718 684 784 accubare.
715 719 762 784 Ge
773 743 780 785 :
793 720 857 786 Vel
867 719 951 786 inter
963 744 1082 788 cuneos
1091 723 1224 791 ferreos.

168 826 344 894 Tonsillum
366 827 439 910 loci,
459 826 517 895 ubi
535 825 668 891 catellus
690 827 805 912 cubet,
828 827 861 892 id
891 827 968 894 satis
991 835 1054 896 erit
1074 831 1162 898 mihi.

127 935 220 1002 Haec
241 934 388 1023 proxima
409 943 482 1000 sunt
504 933 716 1021 potissimum,
739 957 823 1024 quae
844 959 896 1002 me
916 949 1084 1017 moveant,
1106 949 1142 1005 ut
1164 941 1223 1004 617

8 1055 9 1082 ³
127 1052 255 1132 poetam
276 1040 404 1109 dedisse
426 1041 590 1108 arbitrer:

168 1151 270 1218 Posce
293 1172 320 1214 ::
341 1148 468 1237 Edepol
487 1149 547 1215 tihi
569 1153 682 1235 opinor
704 1150 801 1215 etiam
822 1149 956 1217 euscium
980 1153 1087 1217 locum
1108 1176 1163 1242 epo

924 1259 1105 1347 conspicor,

8 1383 9 1386 ’
129 1385 238 1452 neque
263 1361 298 1429 id
325 1363 426 1430 solum
446 1371 579 1451 propter
609 1363 856 1451 amphiboliam,
885 1388 968 1454 quae
996 1367 1029 1433 in
1060 1367 1167 1435 catelli
1195 1379 1228 1435 et

129 1459 233 1561 cynici
253 1471 592 1537 commcmmoretione
615 1470 875 1559 deprehenditur,
898 1473 955 1538 sed
978 1475 1076 1540 etiam
1096 1486 1229 1563 propter

129 1578 370 1646 similitudinem
393 1579 462 1644 soni
483 1578 591 1644 cunici
609 1587 642 1644 et
663 1601 842 1664 cuneorum,
864 1580 926 1645 nisi
947 1579 1103 1665 fallimur,
1133 1605 1228 1671 quae·

128 1687 221 1755 sitam
244 1697 309 1754 :ut
331 1685 480 1774 cynicum
502 1686 571 1772 jam
601 1685 697 1752 simili
727 1673 840 1752 πάθει
867 1688 1017 1754 effectum
1043 1690 1227 1774 habeamus,

129 1818 193 1885 quo
216 1794 410 1883 Chrysalum
432 1791 633 1860 Crucisalum
656 1803 688 1859 et
711 1794 842 1882 Lydum
866 1795 957 1861 ludos
978 1796 1110 1863 factum.

127 1903 246 1992 Amph.
278 1908 340 1968 433
373 1924 443 1990 sqq.
473 1902 620 1990 profecto
650 1923 715 1966 non
747 1901 953 1968 detrahemus
985 1904 1025 1970 de
1052 1905 1228 1972 festivitate

128 2012 212 2096 loci,
245 2010 271 2077 si
293 2032 352 2098 pro
374 2031 412 2074 eo
436 2009 524 2098 quod
544 2009 725 2098 vulgatur:

189 2117 244 2183 Me
264 2141 272 2182 ε
294 2115 413 2198 Quid?
441 2139 526 2183 nunc
553 2117 690 2183 vincone
712 2116 929 2204 argumentis,
952 2120 1071 2184 tenen
1094 2141 1165 2196 esse

830 2223 988 2292 sosium?

192 2333 249 2399 Sos
270 2355 278 2396 :
300 2333 373 2400 Tun
394 2353 495 2419 negas
518 2335 588 2398 saed
607 2332 697 2399 esse?
740 2333 820 2398 Me:
843 2330 931 2413 Quid
960 2355 1022 2420 ego
1043 2336 1079 2398 ni
1099 2353 1227 2420 negem,

829 2443 884 2530 qui
906 2444 1036 2528 egomet
1057 2439 1165 2506 siem?

191 2547 248 2615 Sos
270 2575 278 2614 ε
298 2549 362 2615 Per
383 2547 407 2616 J
410 2571 504 2616 ovem
519 2548 597 2636 juro
619 2550 689 2614 med
709 2571 774 2613 csse
793 2551 900 2638 neque
915 2572 967 2615 me
981 2548 1098 2615 falsum
1112 2548 1230 2614 dicere.

129 2659 207 2741 (434
227 2680 276 2722 me
297 2657 336 2722 ds
356 2681 420 2722 esse
440 2655 480 2740 B,
502 2680 551 2722 one
572 2680 638 2721 esse
659 2655 725 2722 rell.
746 2656 827 2723 Pall.
850 2660 910 2723 435
932 2657 1005 2723 med
1025 2681 1089 2723 esse
1110 2655 1156 2739 B,
1186 2679 1232 2720 mc

129 2787 193 2830 esse
219 2764 286 2830 rell.
318 2764 417 2850 Pall.)
446 2763 701 2852 -duplicamus
729 2787 910 2853 pronomen
936 2789 996 2850 nse,
1029 2774 1065 2831 ut
1093 2764 1231 2852 alterum

129 2893 189 2959 pro
211 2872 367 2958 subjecto,
389 2895 449 2960 pro
471 2872 658 2960 praedicato
680 2873 816 2938 alterum
838 2872 906 2938 sit:

172 2979 246 3044 Trin
266 3001 367 3066 negas
388 3003 434 3044 me
455 3002 501 3045 me
522 2978 621 3046 esse?
638 3002 666 3044 z:
687 2979 776 3060 Quid
790 3002 853 3068 ego
875 2984 909 3045 ni
930 3000 1056 3065 negem,
1080 2977 1134 3066 qui
1157 2998 1231 3065 ego·

927 3089 994 3152 met
1015 3085 1124 3152 siem‘l
1146 3108 1174 3150 τε

170 3193 236 3260 Per
255 3194 374 3263 Jovem
391 3194 469 3282 juro
491 3218 540 3260 roe
560 3217 607 3259 mo
628 3216 708 3260 esse.

130 3302 180 3368 Ib.
204 3307 274 3386 899,
298 3325 394 3391 quem
415 3325 548 3369 versum
568 3303 599 3369 B
621 3312 653 3368 et
672 3303 739 3368 rell.
762 3302 844 3368 Pall.
867 3301 918 3384 (ut
941 3323 982 3367 cx
1004 3299 1100 3367 Parei
1124 3309 1232 3366 annot.

129 3411 239 3498 colligi
260 3413 362 3498 possit
383 3431 390 3472 τ
411 3411 550 3479 Bothius
571 3425 598 3477 tc
618 3413 737 3500 legisse
755 3411 897 3496 videtur)
920 3410 1079 3497 praebent
1101 3430 1109 3470 ε

214 3517 290 3600 Quo
310 3521 364 3586 ted
384 3521 559 3586 avertisti?
580 3543 607 3586 z:
627 3521 680 3586 Ita
701 3519 899 3608 ingeniumst
919 3539 1027 3582 meum
1049 3537 1076 3579 z:

131 3627 165 3692 in
187 3648 225 3691 eo
246 3649 441 3716 quamquam
462 3650 618 3716 personae
639 3627 850 3694 mutationem
869 3626 975 3691 minus
991 3620 1232 3688 excusationem

130 3756 247 3822 parare
275 3735 393 3819 hiatui,
422 3759 519 3823 quam
549 3758 703 3801 caesurae
733 3737 882 3822 ingratae
911 3731 1043 3800 elationi
1079 3726 1233 3795 inservire

131 3865 225 3908 nemo
247 3864 311 3908 non
338 3843 441 3927 videt,
474 3855 582 3910 tamen
610 3868 652 3910 ne
679 3845 759 3910 tales
782 3843 909 3931 quidem
939 3862 1053 3906 versus
1083 3838 1233 3905 discissos

132 3951 253 4036 sprevit
284 3973 336 4015 ars
366 3951 517 4018 Plautina
549 3951 745 4040 quandoque
774 3949 968 4028 dormitans,
1002 3957 1034 4013 et
1063 3946 1233 4035 quominus

131 4079 204 4122 eum
227 4058 337 4124 Fleck.
361 4059 543 4147 elegantem
565 4081 694 4124 versum
709 4058 899 4144 refingente,
922 4054 980 4122 sed
995 4055 1125 4122 dubiam
1140 4076 1231 4120 accu-

132 4165 227 4231 sativi
247 4165 384 4234 formem
407 4167 594 4234 admittente
616 4165 753 4232 scribam
774 4187 782 4227 ι

216 4273 308 4355 Quor
329 4275 383 4341 te'd
402 4273 577 4342 avertisti?
600 4299 628 4340 :z
651 4247 711 4340 list
732 4274 778 4340 ita
799 4272 966 4360 ingenium
987 4293 1103 4351 meum,
