2946 4870
251 383 293 444 20

334 563 381 624 10.
423 558 513 626 Ante
540 579 658 624 nomen
687 557 852 644 proprium
875 559 1022 626 vocalem
1043 582 1109 627 non
1130 561 1248 630 debere
1269 564 1354 632 hau-

249 664 306 730 riri
337 689 503 754 exponens
536 665 579 732 G.
611 665 819 732 Hermannus
852 665 956 732 Elem.
989 667 1091 734 doctr.
1123 679 1215 738 metr.
1244 693 1277 758 p.
1305 677 1353 738 88

250 773 344 861 Gapt.
367 775 426 839 337
449 797 522 840 cum
540 773 646 840 Pareo
668 773 825 862 scripsit:

311 881 379 948 Fac
399 883 427 949 is
447 883 543 949 homo
565 890 602 948 ut
621 880 796 950 redimatur
815 903 842 946 t:
863 879 995 948 Faciam
1002 931 1012 967 ,
1035 881 1092 948 sed
1113 892 1146 950 te
1167 883 1201 949 id
1221 907 1290 970 oro,

1151 991 1290 1080 Hegio:

249 1122 321 1165 cum
342 1096 464 1183 eleas,
486 1099 622 1164 fortasse
643 1097 795 1164 vitiosum
815 1097 1015 1185 pronominis
1031 1099 1172 1165 11111111
1186 1100 1351 1167 vitaturus

250 1211 299 1272 ted
324 1230 376 1273 oro
405 1202 498 1294 [loc],
525 1207 627 1292 Heqio
654 1203 857 1272 mutaverit:
882 1226 948 1270 non
975 1205 1059 1272 male
1085 1227 1264 1293 pronomen
1293 1208 1351 1274 dc-

246 1311 493 1379 monstrativum
521 1311 661 1397 addidit,
693 1313 750 1379 sed
777 1322 814 1378 ut
841 1321 954 1378 mutua
980 1333 1078 1400 prece
1099 1313 1139 1380 ad
1160 1314 1351 1402 Hegionem

248 1442 282 1486 se
304 1430 493 1488 convertere
514 1420 703 1510 Tyndarum
725 1420 828 1508 magis
849 1420 1022 1503 elucescat,
1053 1421 1149 1487 etiam
1175 1424 1349 1511 personale

248 1528 418 1615 adicimus,
441 1529 528 1618 quod
549 1538 684 1618 propter
705 1528 860 1595 ductuum
881 1526 1120 1594 similitudinem
1145 1530 1240 1597 facile
1270 1541 1348 1597 ante

246 1659 364 1704 nomen
394 1639 562 1726 proprium
593 1647 722 1724 poterat
752 1635 900 1703 excidere
927 1657 936 1700 ε
963 1635 1021 1702 scd
1051 1648 1079 1702 tc
1110 1637 1165 1702 hoc
1195 1661 1248 1704 cro
1281 1663 1348 1726 eqo,

193 1751 199 1763 “
247 1745 382 1834 Heps'o:
409 1744 471 1810 nisi
498 1745 581 1811 forte
609 1752 753 1831 praestat
780 1765 788 1808 :
814 1754 911 1808 tecum
939 1766 1002 1809 oro.
1051 1741 1179 1810 Pariter
1207 1747 1347 1812 nominis

246 1851 369 1939 proprii
390 1860 538 1916 naturam
560 1873 715 1916 excusare
735 1850 867 1917 hauscio
889 1873 931 1916 an
951 1850 1047 1918 liceat
1066 1851 1186 1938 Amph.
1209 1856 1277 1919 511.

287 1949 361 2065 Idgo
383 1976 493 2061 faxim,
516 1990 544 2043 tc
557 1967 835 2065 A'mphitruonem
856 1978 1041 2044 6111111111
1063 1979 1159 2066 quam
1180 1978 1309 2063 Jovem,

246 2101 301 2168 ubi
322 2102 435 2171 Fleck.
458 2125 593 2187 curans,
622 2113 659 2169 ut
680 2111 789 2169 mutas
809 2123 883 2169 cum
904 2100 1046 2186 liquidae
1067 2101 1257 2191 positionem
1278 2105 1345 2170 effi·
1462 2171 1463 2174 ,

241 2209 354 2276 cientis
388 2221 503 2279 eontra
528 2234 621 2278 usum
642 2211 828 2278 Plautinum
857 2211 1041 2299 exemplum
1062 2220 1282 2277 removeretur
1302 2247 1346 2263 -·

244 2341 320 2383 nam
352 2319 392 2384 de
422 2342 503 2386 voce
537 2320 679 2388 1111111111
708 2318 801 2385 aliter
822 2317 1036 2406 judicandum
1062 2329 1173 2386 est-
1195 2330 1227 2386 et
1249 2319 1343 2386 simul

245 2424 370 2492 hiatum
392 2426 584 2515 abstergens
605 2427 733 2516 scripsit
754 2450 762 2491 :

287 2537 360 2640 Ego
381 2551 482 2618 faxim
503 2555 555 2619 ted
568 2545 848 2641 A'mphitmonem
868 2551 959 2618 malis
982 2573 1051 2618 csse
1073 2554 1171 2641 quam
1191 2551 1216 2620 J
1218 2575 1322 2620 ovem.

246 2675 312 2746 Sed
340 2680 367 2746 si
395 2679 516 2746 nomini
541 2677 673 2767 proprio
702 2701 741 2744 ea
768 2679 865 2744 venia
892 2698 1076 2744 mensuram
1101 2678 1250 2745 variandi
1277 2700 1343 2745 non

247 2787 432 2856 conceditur
454 2788 635 2873 (concessit,
657 2798 694 2854 ut
714 2785 855 2871 videtur,
878 2785 1024 2873 Madvig.
1044 2783 1164 2875 Opusc.
1185 2811 1219 2875 p.
1235 2790 1285 2870 79,
1307 2796 1343 2854 ut

245 2896 398 2962 Hertzius
420 2895 505 2964 Gell.
524 2895 575 2963 VI
597 2899 626 2981 7,
650 2901 686 2963 11
707 2893 802 2961 Livio
824 2895 859 2960 in
875 2892 1027 2962 Saturnio
1049 2917 1056 2959 :
1080 2893 1276 2982 „ibidemque
1296 2899 1343 2960 otr

245 3003 380 3069 miramus
421 3007 575 3090 ddprt'mc's
604 3004 790 3070 Potrcclus“
801 3053 811 3088 ,
853 3002 910 3068 ubi
943 3001 1158 3088 „Patricoles
1199 3002 1342 3069 restituit

243 3105 446 3175 Fleckeisen.
468 3111 505 3176 Z.
528 3111 613 3176 Krit.
636 3111 694 3176 der
715 3111 814 3180 altlat.
836 3109 1011 3175 Dichterfr.
1034 3109 1088 3174 bei
1110 3108 1195 3177 Gall.
1224 3132 1256 3197 p.
1276 3110 1341 3197 26),

243 3224 395 3280 nontam
416 3216 511 3280 unico
533 3229 567 3282 nt
587 3218 819 3304 conjunctionis
849 3215 1054 3302 conjunctivo
1082 3227 1157 3305 post
1176 3217 1263 3304 fano
1288 3217 1342 3284 ad-

244 3321 331 3388 ditae
364 3324 532 3410 exemplo,
564 3323 740 3391 11111902
768 3323 870 3415 (quod
898 3323 1024 3390 sustulit
1045 3323 1171 3410 Fleck.)
1202 3324 1340 3392 alterum

244 3431 360 3498 addam
387 3428 558 3499 scribendo
582 3443 610 3498 tc
638 3443 671 3498 nt
696 3434 967 3520 Amphionem,
1003 3455 1101 3522 quam
1132 3457 1246 3501 vocem
1275 3456 1340 3500 non

244 3540 398 3607 absonam
419 3539 559 3607 inseram
580 3561 588 3604 :

282 3639 358 3754 ligo
373 3666 473 3732 faxim
485 3677 511 3732 tc
522 3663 794 3753 Amphitruonem
810 3687 879 3732 esse
889 3665 981 3732 1111111
994 3666 1085 3734 malis
1102 3668 1198 3754 qoam
1211 3665 1235 3733 J
1237 3688 1339 3732 ovem.

326 3803 372 3862 ll.
412 3797 567 3865 Remedio
589 3821 654 3866 non
675 3818 757 3886 opus
779 3806 864 3864 esset
884 3796 970 3864 Rud.
995 3803 1070 3882 183,
1093 3797 1120 3863 11
1141 3797 1181 3864 de
1202 3797 1339 3864 veritate

242 3905 477 3972 observationis
498 3904 699 3974 Lachmanni
727 3904 770 3972 ad
790 3904 889 3972 Lucr.
911 3904 966 3971 111
994 3906 1072 3990 941,
1105 3905 1161 3994 qui
1177 3906 1339 3993 jambicae

240 4012 329 4079 vocis
351 4011 474 4078 exitum
494 4015 641 4102 sequenti
661 4011 753 4080 brevi
773 4012 878 4108 vocali
903 4035 969 4080 non
991 4012 1111 4080 hauriri
1132 4012 1249 4081 Plauto
1271 4013 1338 4101 pla·

240 4120 345 4187 cuisse
364 4121 467 4206 docet,
491 4124 678 4190 conveniret
698 4121 782 4189 inter
802 4121 889 4189 viros
910 4120 1031 4190 domos.
1075 4119 1142 4188 Sed
1170 4141 1244 4187 eum
1269 4119 1338 4188 Rit-

241 4229 378 4298 schelius
409 4228 461 4296 vel
493 4228 611 4298 diserte
641 4230 692 4314 (ut
719 4229 761 4298 ad
783 4228 883 4297 Merc.
907 4230 982 4314 749)
1007 4227 1060 4294 vel
1088 4227 1198 4296 ascitis
1229 4229 1336 4318 potius
