2946 4870
254 397 294 460 56

252 579 367 662 poeta,
397 593 462 639 non
490 569 632 638 dedisset
661 571 812 654 dederas,
841 569 897 636 sed
925 569 1048 638 dadan
1069 605 1110 618 -
1139 567 1203 636 His
1230 568 1364 636 dnobus

252 681 361 748 nescio
383 703 425 747 an
448 679 651 747 adiciendum
673 677 714 746 sit
735 677 825 745 'Pr-in.
848 681 918 761 755,
940 678 980 745 de
1003 701 1067 767 quo
1082 679 1176 745 aliter
1193 676 1362 766 judicavit

251 785 447 855 Bitschelius
475 787 742 875 Parerg.1565.
794 784 936 871 Callicli,
965 787 1034 874 qui,
1063 787 1226 874 quomodo
1259 785 1362 852 amici

252 895 337 963 filiae
359 896 465 965 dotem
488 905 580 984 paret
601 896 646 960 ita
665 903 702 961 ut
723 893 794 980 ejus
815 894 926 973 frater,
949 893 1136 961 adulescens
1155 893 1259 976 nihili,
1283 915 1361 959 eam

253 1003 294 1072 de
314 1003 413 1093 patris
435 1002 528 1069 bonis
548 1025 619 1069 esse
640 1011 808 1091 erogatam
828 1003 970 1086 nesciat,
999 1003 1100 1068 suasit
1120 1000 1359 1090 Megaronides

254 1122 290 1180 nt
326 1111 562 1178 adulescentem
593 1109 699 1197 potins
726 1109 767 1176 de
800 1109 937 1198 pecunia
966 1119 1098 1198 epatre
1126 1109 1206 1176 clam
1236 1109 1360 1175 relicta

255 1219 397 1286 edoceat
441 1217 589 1283 Callicles
610 1226 717 1283 autem
731 1238 864 1304 prorsus
884 1225 983 1304 negat
1003 1218 1073 1283 fieri
1093 1237 1196 1306 posse,
1217 1227 1257 1282 ut
1280 1241 1359 1282 cum

253 1336 371 1414 nepote
392 1323 426 1390 id
448 1324 676 1407 communicat,
704 1326 825 1412 quippe
845 1325 902 1412 qni
922 1333 990 1390 tam
1012 1325 1082 1390 auri
1104 1347 1201 1412 egens
1223 1334 1260 1390 et
1282 1347 1359 1413 pro-

254 1432 350 1522 digus
382 1432 443 1517 sit,
488 1440 525 1498 ut
554 1453 740 1498 comesurus
771 1431 813 1497 sit
838 1433 890 1498 vel
915 1432 1039 1514 locum,
1069 1431 1126 1499 ubi
1155 1431 1256 1498 lateat
1285 1433 1358 1498 the

253 1563 397 1609 saurus:

296 1647 402 1729 Quem
423 1647 534 1715 fodere
554 1655 673 1730 metuo,
695 1647 838 1714 sonitum
858 1668 899 1713 ne
920 1647 975 1712 ille
996 1645 1173 1712 exandiat:

295 1758 432 1822 Narem
453 1761 557 1843 lpsam
576 1753 720 1841 indaget,
742 1753 849 1820 dotem
871 1754 948 1820 dare
970 1752 1164 1820 si'dtxerim.

253 1861 346 1927 Haec
376 1863 423 1928 ite
454 1861 541 1926 dicta
572 1881 643 1926 esse
673 1861 869 1929 Ritschelius
898 1863 968 1927 volt
998 1863 1089 1949 qnasi
1115 1884 1123 1924 ε
1153 1861 1255 1947 ,Nolo
1287 1884 1356 1928 cnm

254 1969 394 2049 fodiendi
419 1973 547 2035 sonaim
579 1969 739 2053 ceordaic,
769 1995 822 2053 aa,
852 1971 885 2036 εἰ
912 1972 1041 2036 alteram
1070 1970 1149 2035 illud
1174 1972 1353 2049 accesserit,

252 2081 335 2168 quod
355 2077 450 2144 dotem
471 2101 517 2142 mc
537 2078 613 2143 dara
634 2079 708 2146 valle
729 2079 878 2162 datatim,
904 2103 969 2144 ram
996 2080 1049 2145 alla
1067 2083 1163 2164 ι’ριαιιι
1183 2079 1353 2166 iadoqct“;

252 2195 289 2253 ut
317 2186 419 2252 altera
448 2185 608 2252 sententia
630 2209 649 2251 a
669 2185 882 2273 sicincipiens
910 2186 1048 2274 pendeat
1068 2209 1087 2251 a
1108 2185 1226 2272 priori,
1257 2187 1351 2273 cnjus

253 2295 489 2384 conjunctionis
511 2293 658 2383 exempla
680 2294 767 2360 dedit
781 2293 978 2360 Fleckeisen.
998 2293 1113 2360 Philol.
1136 2293 1172 2360 Π
1194 2296 1244 2358 95.
1281 2291 1350 2360 Sed

251 2405 332 2470 nihil
363 2401 449 2469 aliud
484 2402 552 2490 agit
583 2424 641 2490 per
673 2411 776 2467 totam
806 2401 888 2468 hanc
919 2402 1159 2490 responsionem
1190 2400 1349 2484 Callicles,

252 2533 350 2600 quam
372 2519 409 2575 ut
429 2509 646 2576 Lesbonicum
669 2531 766 2597 quam
787 2511 927 2577 maxime
954 2508 1121 2576 celandum
1150 2531 1220 2576 esse
1250 2531 1350 2597 quem

252 2627 346 2706 pater
365 2618 552 2683 thesaurum
573 2615 756 2704 reliquerit,
785 2619 961 2684 confirmet.
1004 2618 1088 2685 Vide
1108 2618 1209 2705 igitur
1230 2641 1272 2684 ne
1293 2641 1347 2706 ap·

252 2726 316 2793 tior
337 2725 379 2792 sit
398 2726 478 2793 hacc
498 2724 646 2813 gradatio
668 2747 676 2788 τ
696 2724 775 2792 Jam
795 2723 906 2792 fodere
927 2735 1034 2792 metuo
1057 2749 1131 2792 eum
1151 2727 1267 2810 locum,
1290 2727 1348 2792 nbi

253 2858 368 2901 aurum
389 2835 486 2901 situm
509 2843 565 2919 est,
587 2855 628 2899 ne
649 2835 771 2902 sonitus
791 2833 881 2902 illum
901 2844 1017 2902 testem
1042 2835 1202 2902 advocare
1221 2836 1346 2924 possit:

252 2943 328 3030 quid
357 2964 436 3008 vero
464 2942 535 3008 fieri
563 2942 685 3027 dicam,
717 2944 743 3009 si
773 2942 879 3010 dotem
907 2943 976 3029 ejus
1005 2945 1107 3009 sorori
1134 2942 1346 3030 promittam?

252 3071 360 3115 nonne
381 3050 558 3116 verendum
580 3061 638 3136 est,
660 3075 701 3118 ne
723 3052 829 3120 statim
851 3054 998 3119 subolcat
1020 3051 1049 3118 ei
1070 3051 1111 3118 de
1130 3074 1167 3117 re
1187 3050 1285 3140 ipsa?

335 3154 397 3220 His
420 3155 575 3242 exemplis
597 3167 704 3224 autem
725 3183 790 3226 non
812 3161 914 3226 audeo
944 3182 1156 3226 annumerare
1184 3160 1233 3244 id,
1262 3159 1346 3226 unde

252 3263 400 3350 digressa
421 3270 469 3327 cst
490 3260 680 3349 disputatio,
702 3265 820 3332 Pseud.
828 3258 906 3350 '437,
927 3266 1023 3354 idque
1042 3290 1108 3336 non
1129 3277 1196 3334 tam
1216 3277 1346 3357 propter

253 3371 477 3462 imperfectum
498 3378 641 3459 tempus,
668 3371 756 3459 quod
777 3374 818 3441 ab
839 3375 1013 3463 hypothesi
1033 3377 1068 3443 in
1087 3377 1195 3444 verbis
1216 3379 1251 3444 in
1270 3381 1346 3444 adn·

253 3483 402 3549 [arcentio
432 3482 552 3549 latente
583 3483 730 3550 excusari
758 3483 878 3572 possit,
909 3507 1006 3573 quam
1035 3485 1110 3573 quia
1141 3509 1207 3551 non
1239 3509 1346 3554 curam

251 3591 412 3674 timentis,
442 3589 499 3656 sed
527 3589 717 3658 modestiam
746 3617 820 3660 cum
850 3595 915 3662 leni
936 3593 1137 3662 dubitatione
1158 3595 1346 3662 affirmantis

251 3720 329 3784 prae
352 3720 387 3765 se
409 3699 508 3766 ferret
530 3699 677 3788 Callipho
700 3725 707 3766 :
729 3703 762 3769 id
783 3703 870 3790 quod
890 3725 955 3769 non
976 3704 1046 3770 fieri
1064 3701 1203 3769 vidimus
1224 3703 1258 3769 in
1278 3703 1346 3769 reli-

253 3805 325 3890 quis
347 3808 505 3896 exemplis
526 3807 621 3897 hujus
644 3811 838 3898 ,ellipsaoa“,
862 3811 1018 3899 siquidem
1033 3810 1173 3900 elliptioa
1187 3821 1345 3879 structura

250 3911 407 3998 appellari
436 3924 560 4002 potest,
591 3918 683 4006 cujus
704 3920 806 3986 oratio
829 3918 958 4008 obliqua
987 3943 1116 3989 causam
1138 3943 1228 3988 suam
1250 3921 1345 3989 habet

253 4017 287 4084 in
310 4019 410 4084 animi
432 4027 645 4093 commotione
667 4028 736 4116 ejus
758 4027 813 4117 qni
841 4028 998 4117 loquitur,
1026 4030 1071 4097 ita
1098 4039 1135 4097 ut
1161 4051 1226 4096 non
1254 4029 1343 4096 simul

252 4127 353 4194 verbo
374 4124 543 4214 significet,
566 4134 657 4220 cujus
677 4135 764 4201 modi
785 4159 824 4204 ea
845 4135 894 4202 sit
936 4136 1100 4204 Tenemus
1129 4137 1230 4224 igitur
1252 4137 1341 4225 jussi-

255 4258 332 4304 vum
353 4243 498 4304 nostrum
519 4257 527 4302 t
549 4231 601 4303 Αἰ
629 4242 710 4308 anim
730 4244 915 4332 nequiquam
935 4246 1037 4329 aevia,
1077 4243 1132 4310 Vel
1151 4245 1182 4311 td
1201 4269 1239 4312 aa
1252 4247 1340 4332 foce·
