2964 4874
257 447 298 510 54

254 623 306 691 IV
327 625 356 707 5,
378 625 419 687 40

755 727 848 792 Haec
868 729 914 790 mt
935 735 1027 814 pater

298 838 348 904 Te
369 835 479 902 dicere
500 855 639 922 aequom
661 823 722 902 friit
744 844 776 901 et
796 833 831 899 id
852 834 1026 900 defendere
1047 855 1070 898 :2

298 941 499 1012 Ridiculum!
522 940 738 1008 advorsumne
758 941 845 1008 illam
868 964 998 1008 causam
1019 944 1176 1008 dicerem?

256 1052 419 1140 Exempla
433 1059 551 1133 autem,
572 1049 629 1114 ubi
648 1050 700 1116 vel
717 1047 885 1116 sumtionis
900 1049 1047 1114 absentia
1061 1048 1232 1136 prohibere
1247 1048 1354 1131 debet,

257 1159 428 1248 quominus
450 1159 489 1222 de
510 1156 698 1222 condicione
720 1156 889 1244 cogitetur,
911 1166 986 1222 sunt
1008 1182 1015 1220 :
1037 1155 1156 1222 Pseud.
1179 1159 1238 1222 437

298 1268 402 1335 Vetus
425 1265 498 1331 nolo
520 1265 618 1331 faciat
639 1286 663 1329 ::
686 1256 740 1330 A't
761 1263 845 1330 enim
867 1249 1064 1352 nequiquam
1084 1264 1187 1347 nevis,

299 1375 362 1443 Vel
382 1377 418 1440 ta
438 1395 476 1438 ne
489 1373 620 1460 focaea
641 1371 705 1439 tale
725 1373 759 1438 in
780 1372 998 1440 adulescentia
1018 1396 1026 1436 ι

258 1482 314 1548 ubi
336 1481 410 1547 olim
438 1493 508 1546 torre
537 1481 771 1568 conjungentes
800 1479 1021 1545 condicionem
1053 1479 1158 1544 inesse
1196 1481 1355 1568 putabant

258 1589 392 1656 dictioni
406 1594 436 1654 in
457 1588 663 1654 adnleseentia
683 1612 693 1653 :
714 1593 763 1672 „si
774 1589 954 1652 adulescens
969 1610 1069 1670 esses,
1087 1585 1223 1674 preasecto
1244 1601 1274 1652 lu
1293 1592 1354 1674 ipse

251 1699 382 1785 faceres
413 1697 502 1762 lale.“
557 1693 623 1763 Sed
651 1720 690 1762 ae
716 1695 907 1784 particulam
936 1695 1189 1762 confirmativam
1219 1695 1354 1760 Plautus

258 1805 442 1893 pronomini
462 1817 495 1869 ta
515 1827 580 1870 non
603 1804 722 1890 affigit,
751 1805 813 1870 nisi
840 1805 944 1892 primo
973 1803 1131 1870 enuntiati
1157 1805 1227 1869 loco
1256 1805 1285 1868 ei
1305 1825 1354 1868 re-

259 1911 410 2001 sponderi
424 1912 510 1994 facit,
527 1913 581 2000 qui
597 1911 808 1999 interrogavit
819 1935 877 2000 per
891 1912 1025 2000 Epona?
1047 1913 1092 1996 (v.
1108 1911 1355 1978 Fleckeisenum

258 2018 374 2085 Philol.
395 2017 432 2083 ΙΙ
454 2023 490 2084 91
515 2041 586 2108 sqq.
629 2019 731 2085 Recte
751 2019 852 2107 igitur
871 2043 980 2108 epona,
1014 2019 1101 2109 quod
1124 2043 1195 2086 esse
1216 2019 1356 2086 debebat

258 2150 299 2193 aa
319 2149 387 2212 eqo,
418 2135 577 2193 remotum
608 2135 658 2193 est
685 2127 754 2193 Mil.
777 2132 837 2196 565
869 2138 902 2194 et
931 2137 1045 2220 contra
1073 2127 1164 2194 codd.
1196 2137 1229 2193 et
1255 2126 1354 2194 Nonii

259 2234 463 2300 consentiens
490 2234 709 2301 testimonium
738 2235 858 2302 Heaut.
880 2236 911 2300 V
936 2241 961 2318 1,
985 2237 1034 2301 77.
1077 2236 1178 2301 Poen.
1209 2234 1354 2302 autemI

259 2348 288 2425 3,
308 2346 344 2408 19
365 2341 399 2406 in
414 2341 558 2407 oratione
572 2341 760 2429 perturbata
770 2343 902 2429 juvenis
917 2365 1026 2408 amore
1043 2342 1241 2427 insanientis,
1257 2344 1354 2430 iege:

302 2451 380 2534 Epo,
402 2453 441 2514 ad
462 2472 524 2536 epo,
546 2449 573 2514 si
594 2450 677 2515 istuc
697 2449 804 2538 lepide
824 2450 908 2517 faxis
931 2476 957 2518 z:
979 2443 1010 2519 J'
1031 2451 1154 2536 modo).

227 2631 229 2638 y
258 2555 414 2621 Attamen
439 2557 542 2643 possit
576 2555 692 2645 aliquis
726 2557 915 2646 exquisitius
946 2559 1053 2625 locum
1086 2559 1248 2647 explicare
1270 2557 1355 2624 velle

187 2653 190 2658 ¹
260 2661 437 2730 secundum
459 2685 552 2728 usum
573 2663 749 2751 quendam,
777 2666 885 2751 cujus,
914 2689 1111 2755 quamquam
1132 2690 1173 2733 ne
1195 2691 1214 2734 a
1237 2665 1354 2732 Plauto

261 2770 393 2859 quidem
415 2770 539 2837 alienus
561 2781 618 2854 est,
641 2771 786 2860 Madvig.
809 2773 851 2839 ad
873 2772 941 2840 Cic.
963 2773 1035 2840 Fin.
1056 2775 1088 2841 V
1108 2781 1137 2859 3,
1159 2780 1178 2840 8
1200 2774 1263 2840 duo
1284 2783 1354 2838 tan-

258 2887 327 2945 tum
357 2881 505 2967 exempla
534 2877 745 2947 Ciceroniana
777 2881 886 2948 habet.
944 2881 1112 2949 Ciceronis
1141 2881 1224 2948 enim
1252 2882 1354 2949 verba

260 2985 344 3071 „Sed
369 3011 423 3070 aa,
461 2987 532 3052 elram
552 2987 619 3052 lare
639 2988 796 3074 obsequor,
818 2990 904 3055 vobis
925 2991 1068 3056 molestas
1090 2991 1169 3056 sa'm“
1192 2991 1237 3055 sic
1256 3013 1353 3056 anno·

258 3101 306 3159 tat
327 3119 334 3158 :
359 3095 451 3178 ,Non
472 3101 599 3179 optantes
619 3095 674 3160 loc
695 3110 739 3160 est
759 3101 972 3183 ammantat,
993 3121 1095 3164 aarum
1117 3104 1251 3178 ocreatis,
1272 3099 1356 3185 quod

256 3201 408 3265 insolitam
431 3223 495 3265 esse
526 3203 560 3266 a'a
585 3226 719 3270 samone
746 3206 839 3270 latiae
869 3205 1005 3272 dicendi
1019 3231 1134 3292 penas,
1165 3220 1199 3272 at
1219 3219 1289 3272 onte
1310 3229 1354 3270 ae

257 3308 385 3372 verendi
401 3308 583 3393 slqnfficatio
599 3325 801 3396 premeretur,
834 3318 924 3379 sensit
945 3313 1124 3380 Lambinus.
1167 3315 1236 3380 Nec
1257 3313 1353 3378 liabeo

258 3415 339 3500 qaod
357 3437 541 3499 comparem,
562 3418 631 3482 nisi
652 3416 736 3484 Verr.
753 3418 777 3482 I
782 3421 864 3486 V15
885 3421 989 3506 (Quid
1009 3421 1086 3486 milei
1101 3434 1162 3486 tam
1177 3424 1351 3507 optandam,

248 3522 376 3610 judices,
395 3536 580 3608 potestesse
601 3526 634 3590 ia
656 3525 712 3590 loe
734 3529 873 3604 crimine,
894 3552 984 3615 qaam
1004 3541 1037 3594 al
1056 3532 1129 3594 laec
1143 3533 1246 3594 eadem
1268 3529 1355 3594 dicat

257 3629 379 3696 Heius?
420 3629 510 3697 Nilu'l
535 3631 678 3717 profecto
705 3657 715 3698 :
742 3637 794 3699 sed
819 3659 856 3700 ne
884 3637 1032 3723 difficilia
1061 3639 1222 3722 optemus.)
1266 3635 1353 3701 Huic

256 3738 388 3804 slmilest
414 3735 440 3801 I
455 3737 500 3802 47
519 3736 539 3820 (
546 3737 675 3804 Verbum
695 3743 795 3808 tornea
813 3741 923 3826 facere
941 3767 999 3808 aon
1020 3746 1186 3827 audebant,
1213 3767 1252 3810 ne
1270 3743 1353 3828 forte

258 3866 294 3908 ea
313 3866 365 3908 res
392 3845 436 3907 ad
454 3842 649 3910 Dolabellam
677 3849 780 3932 ipsam
804 3852 1000 3934 pertinerel);
1032 3851 1090 3915 aed
1116 3852 1172 3916 doc
1192 3853 1233 3917 ab
1253 3864 1354 3918 nocem

257 3950 323 4015 loco
351 3949 476 4038 loupiac
501 3951 645 4018 recedit.“
703 3953 789 4020 Addi
818 3955 920 4042 possit
947 3979 988 4023 ex
1018 3956 1175 4025 Cicerone
1200 3983 1232 4047 p.
1255 3959 1352 4028 Font.

257 4062 297 4139 6,
322 4062 355 4122 ll
395 4057 506 4145 (quem
535 4059 641 4126 locum
669 4084 711 4127 ex
743 4061 814 4129 cod.
844 4063 950 4131 Vatic.
980 4067 1121 4135 restituit
1149 4066 1351 4136 Fleckeisen.

256 4161 374 4230 Philol.
396 4163 433 4232 H
454 4171 493 4232 63
516 4169 606 4256 sqq.)
640 4193 647 4234 :
682 4171 765 4254 ,Hie
793 4173 825 4238 εἰ
850 4175 1005 4263 mpearosi
1034 4189 1061 4240 et
1081 4178 1181 4262 periti
1204 4191 1231 4243 et
1260 4180 1357 4266 aequi

247 4270 373 4360 jadias
392 4277 449 4341 las
468 4289 576 4361 portes
597 4301 658 4342 esse
679 4284 869 4364 eoladmat's,
890 4295 932 4362 at,
953 4284 1098 4369 quoniam
1118 4285 1243 4372 quidem
1263 4297 1352 4352 testes
