2946 4870
1209 363 1246 424 ol

152 538 306 627 aliquam,
330 561 412 628 quae
434 549 580 627 tempore
602 538 776 627 praeterito
799 539 927 604 evenire
949 537 1090 606 debebat
1110 538 1163 604 vel
1183 561 1249 605 non

152 646 303 713 debebat.
347 647 454 728 Quem
482 646 524 712 ad
550 647 682 712 modum
709 645 823 712 Horat.
847 644 913 714 Sat
936 645 1011 729 16,
1034 650 1073 711 79
1102 645 1248 729 (Vestem

153 775 330 842 servosque
351 763 532 844 sequentes,
560 755 600 822 In
621 777 740 842 magno
761 764 798 820 ut
819 755 947 843 populo,
970 754 998 819 si
1019 755 1092 842 quis
1111 755 1248 837 1111111161,

154 863 242 929 avita
265 863 319 928 Ex
341 887 376 930 re
397 862 547 951 praeberi
568 872 714 950 sumptus
735 862 813 930 mihi
830 863 967 928 erederet
979 861 1070 948 illos)
1091 862 1250 951 explican-

153 969 230 1035 dum
259 992 329 1037 esse
356 970 437 1037 uidit
463 971 607 1058 Krtiger.
632 970 776 1039 Gramm.
799 973 829 1052 ξ.
850 974 921 1038 641.
963 969 1121 1037 Adhibita
1150 969 1250 1058 igitur

153 1099 192 1144 ea
213 1078 429 1167 explicatione
450 1079 612 1166 enallages
641 1077 836 1144 amatoribus
857 1079 937 1144 haee
963 1078 1110 1164 exempla
1130 1077 1250 1166 praeri-

151 1185 278 1272 piamus
300 1209 308 1250 1
328 1185 447 1273 Amph.
468 1189 528 1252 525

194 1291 386 1362 Oltnoulum
407 1294 473 1361 abii
494 1319 513 1360 a
534 1294 685 1382 legione:
706 1293 790 1359 hane
811 1296 944 1381 operam
965 1299 1117 1381 surrupui
1138 1293 1207 1378 tihi,

193 1375 248 1468 lilx
269 1423 321 1468 me
341 1402 446 1490 primo
464 1413 501 1469 ut
514 1409 618 1491 prima
633 1401 740 1484 soires,
755 1423 824 1467 rem
837 1405 875 1467 tt
889 1401 1060 1489 gessissem
1073 1403 1247 1490 pthlioam.

193 1484 246 1576 E'a
265 1509 326 1576 tibi
347 1511 456 1578 omnia
476 1509 631 1578 enarravi.
673 1511 737 1578 nisi
758 1524 784 1576 te
804 1533 939 1576 amarem
959 1510 1155 1598 plurumum,

193 1618 269 1685 Non
287 1618 440 1705 faceram.

234 1725 309 1813 Ipse
330 1726 444 1792 fecisse
465 1747 499 1792 se
521 1725 651 1813 aliquid,
675 1724 761 1814 quod
782 1748 847 1792 non
869 1726 1015 1793 debuerit
1037 1726 1155 1811 faeere,
1176 1751 1249 1794 oon-

152 1833 237 1900 oedit
265 1835 390 1923 sibique
412 1833 491 1900 vitio
520 1833 616 1900 vertit
637 1842 828 1922 personatus
849 1833 1061 1922 Amphitruo,
1093 1844 1130 1901 ut
1151 1833 1248 1902 ovid.

151 1939 250 2008 Trist.
272 1942 304 2006 V
327 1948 374 2026 12,
397 1947 436 2009 49
458 1965 465 2006 :
488 1940 579 2028 „Non
605 1943 688 2008 milti
704 1943 847 2007 debuerat
867 1966 936 2008 omn
957 1945 1091 2008 verubus
1112 1944 1249 2029 amplius

153 2072 233 2134 aare,
269 2048 331 2116 sat
357 2049 388 2136 f
391 2075 413 2116 a
419 2071 547 2138 peram
578 2051 687 2116 11111116
718 2049 890 2136 naufragata
918 2074 1007 2116 omae
1026 2051 1179 2137 fretum“
1209 2089 1249 2102 -·

151 2157 253 2224 Poen.
274 2159 328 2224 III
350 2163 379 2242 3,
403 2159 442 2224 78
462 2157 589 2242 vilicus,
617 2180 714 2244 quem
742 2158 892 2226 advocati
918 2181 1013 2225 mane
1034 2181 1075 2224 ex
1096 2160 1173 2226 navi
1195 2182 1249 2224 ex·

151 2264 227 2330 iisse
238 2265 362 2332 mentiti
377 2275 460 2350 sunt,
481 2267 592 2332 lenoni
605 2266 751 2334 illicienti
772 2276 805 2333 et
819 2267 1043 2355 interroganti,
1065 2289 1143 2332 num
1164 2266 1248 2334 forte

152 2373 312 2460 quaeritet
331 2372 516 2462 hospitium,
538 2372 711 2462 respondet
733 2401 740 2440 :

450 2506 469 2548 a
490 2481 609 2546 muscis
631 2486 658 2546 si
679 2479 756 2546 mihi
777 2480 949 2568 hospitium
970 2484 1154 2568 quaternam,

251 2588 436 2658 Adveniens
457 2591 532 2656 irem
553 2589 587 2656 in
609 2593 770 2658 ctroerem
790 2595 880 2657 recta
901 2589 962 2656 via.

151 2694 219 2764 Mil.
242 2701 281 2763 29

596 2803 658 2869 Pol
680 2811 707 2870 si
732 2805 863 2890 quidem

253 2909 379 2978 (loaisae
400 2935 490 2995 eaeor,
512 2915 572 2998 per
595 2913 727 2995 corium,
749 2917 964 2998 perviscera.

249 3018 379 3106 Perque
401 3022 435 3082 61
458 3019 618 3106 elephanti
643 3021 835 3086 trdnata'arret
853 3018 1041 3085 brboohium

153 3127 360 3212 (1111111111
385 3125 541 3192 Ritsohel.
564 3127 650 3192 dedit
671 3149 729 3214 pro
752 3126 845 3193 codd.
865 3126 937 3194 leot.
961 3127 1184 3208 tramitteret,
1206 3125 1247 3190 of.

152 3256 181 3300 v.
197 3241 277 3318 4683
298 3233 375 3300 mihi
390 3234 546 3322 reliquiae
560 3257 643 3322 quae
657 3234 691 3299 in
707 3235 739 3300 A
753 3234 1015 3322 conspiciuntur:
1030 3250 1130 3301 111111.
1140 3238 1201 3298 ab.
1210 3244 1249 3298 ..t

152 3341 268 3408 ducere
289 3341 483 3408 videbantur
504 3343 545 3408 ad
567 3355 786 3422 1111111111νοί,
809 3342 861 3408 oui
874 3343 1102 3432 frequentativi
1122 3363 1248 3427 compo·

152 3449 212 3515 sito
234 3449 296 3514 hoo
317 3451 384 3517 solo
406 3452 477 3516 looo
504 3452 589 3516 leoto
616 3451 739 3516 librarii
766 3450 989 3518 substituerint
1016 3447 1247 3534 transmitteret)

151 3557 200 3624 Ib.
223 3558 284 3622 719

192 3665 251 3730 Pol
273 3662 299 3730 si
319 3665 513 3750 habuissem,
536 3667 613 3733 attis
636 3667 792 3754 cepissem
812 3665 1016 3732 miseriarum
1036 3688 1054 3731 e
1075 3661 1195 3747 liberis,

267 3773 428 3842 Continuo
451 3777 644 3858 eaomoidrer
659 3774 779 3842 animi:
801 3780 829 3841 sl
849 3774 933 3840 forte
955 3775 984 3839 ei
1005 3773 1118 3840 fuisset
1138 3770 1246 3855 febris,

193 3883 349 3950 Ce‘aaereru
371 3889 493 3951 emort:
515 3884 758 3952 eeoididissetve
773 3877 880 3951 ebiius
902 3883 942 3949 de
965 3903 1089 3971 equove
1110 3882 1246 3970 tapam,
1376 3915 1379 3920 ·

192 3989 370 4058 Metaerem.

232 4098 333 4164 Tum.
346 4098 472 4187 possint
498 4097 562 4164 huo
592 4098 705 4166 referri
727 4121 745 4166 6
766 4098 888 4168 Baooh.
910 4119 1040 4183 versus,
1067 4098 1124 4188 qui
1150 4120 1247 4186 supra

152 4203 264 4272 allatos
285 4216 472 4294 sequuntur,
494 4210 555 4272 428
577 4229 649 4296 sqq.
