2946 4870
1203 309 1242 372 23

45 515 48 520 ·
148 503 325 570 pronomen
353 483 394 550 ad
422 481 546 550 timoris
573 481 844 570 significationem
872 483 1077 552 efferendam.
1127 484 1248 574 Itaque

148 589 212 654 nisi
245 589 314 656 aliis
351 587 542 656 certioribus
573 587 756 656 dedocebor
791 628 829 640 -
862 614 939 658 nam
972 593 1007 656 in
1035 591 1246 678 scriptoribus

148 719 270 785 pronus
297 709 367 764 erat
395 717 484 764 error
513 697 643 764 librario
669 697 836 785 repetendi
857 698 990 764 brevem
1011 701 1178 785 voculam,
1210 709 1246 766 ut

150 803 218 872 Oic.
241 804 282 872 ad
302 806 377 872 fam.
399 805 488 873 XIII
512 810 546 889 l,
568 811 587 870 2
608 809 744 872 tortasse
773 807 860 874 etin
881 808 975 896 epist.
997 806 1120 874 Vatinii
1148 807 1191 874 ib.
1213 807 1245 874 V

150 919 178 995 9,
200 919 219 978 2
242 912 408 978 Medioens
429 937 522 980 meme
541 913 686 1002 praebet,
708 951 750 962 -
770 916 895 1002 primae
914 937 1074 1004 personae
1094 924 1131 982 ut
1145 916 1245 1002 gemi-

149 1029 261 1086 natum
291 1021 510 1090 accusativum
541 1031 573 1088 et
599 1021 775 1090 ablativum
801 1025 966 1108 statuerit,
1008 1024 1149 1092 movisse
1177 1023 1246 1088 Pri-

148 1128 293 1197 scianum
315 1127 451 1194 dixerim
473 1139 505 1195 et
526 1129 857 1217 frequentissimorum
878 1131 994 1197 tertiae
1022 1152 1180 1218 personae
1212 1139 1245 1196 et

146 1236 203 1302 rix
230 1237 498 1302 removendarum
528 1237 689 1304 secundae
721 1236 846 1326 aliquot
874 1237 1050 1306 formarum
1081 1261 1245 1326 compara-

146 1343 277 1410 tionem.
319 1344 422 1410 Recte
443 1345 529 1410 enim
549 1344 591 1410 de
612 1357 667 1410 teta
687 1345 862 1432 spondiaco
883 1347 1087 1433 praecepisse
1109 1345 1245 1412 Priscia-

52 1463 56 1471 '
147 1471 234 1533 num,
255 1450 483 1517 Lachmannus
498 1450 539 1518 ad
553 1451 681 1518 Lucret
695 1474 727 1540 p.
744 1457 801 1518 261
825 1474 921 1520 versu
942 1453 1111 1539 probavit,
1136 1454 1246 1541 quiin

147 1557 287 1624 carmine
319 1569 442 1646 septem
478 1559 659 1646 sapientum
698 1560 873 1627 sententias
910 1571 1092 1648 exponente
1127 1559 1247 1646 legitur

145 1665 270 1754 Hygin.
292 1665 356 1735 fab.
380 1672 436 1731 221
461 1689 468 1730 :
491 1667 623 1750 „Nosce
645 1669 754 1754 eloquit,
777 1682 861 1752 tete,
886 1667 994 1734 Okelon
1010 1668 1247 1752 'Lacedaemone

145 1774 265 1840 naua!
309 1773 427 1862 Neque
447 1773 553 1840 minus
576 1784 698 1840 certum
726 1775 850 1842 formae
878 1774 1096 1842 testimonium
1117 1775 1246 1841 videtur

146 1881 248 1967 Verg.
262 1880 345 1948 Aen.
360 1879 431 1946 XII
452 1885 493 1948 89
513 1903 521 1946 t
552 1883 637 1946 Verte
657 1905 760 1948 omnes
781 1895 857 1948 tete
877 1887 907 1948 ia
927 1882 1032 1968 facies
1055 1894 1084 1948 et
1104 1885 1245 1948 comrade

145 1989 307 2074 quioquid,
335 1987 408 2074 ‚sia
430 1990 620 2055 animaene
646 2002 712 2054 arte
732 1991 826 2056 vales.
871 1988 1079 2076 Quamquam
1103 1991 1137 2056 in
1161 1999 1246 2055 utro·

147 2117 210 2182 que
231 2116 328 2162 versu
350 2096 494 2182 cogitare
523 2095 638 2183 aliquis
664 2095 766 2185 possit
795 2096 835 2162 de
856 2109 889 2162 tu
909 2097 1101 2184 imperativo
1125 2095 1245 2162 addito.

146 2201 215 2271 Sed
241 2224 307 2268 non
337 2201 465 2268 venant
494 2203 586 2268 codd.
617 2202 733 2270 Catull
764 2209 842 2284 101,
873 2208 891 2268 5
921 2227 928 2268 ε
963 2203 1245 2290 „Quandoquidem

149 2309 288 2376 Fortuna
309 2309 386 2374 mibi
404 2321 476 2374 tete
496 2309 616 2374 abstulit
636 2310 767 2395 ipsum.“
812 2311 880 2379 Ubi
902 2319 1011 2378 antem
1032 2312 1244 2378 convincente

145 2418 240 2483 metri
260 2417 447 2483 accessione
470 2439 630 2500 caremus,
652 2429 705 2482 tete
726 2417 894 2485 scribentis
914 2419 1019 2506 lapsui
1041 2418 1152 2484 deberi
1173 2429 1243 2506 pot·

144 2535 203 2608 est,
225 2524 370 2607 utTuse.
383 2525 418 2590 Π
431 2530 480 2608 26,
490 2529 529 2589 63
551 2524 645 2612 Reip.
667 2525 685 2590 I
707 2529 758 2606 38,
773 2529 823 2593 69.
867 2525 995 2592 Pariter
1018 2525 1060 2592 ed
1082 2526 1244 2592 diversum

144 2635 184 2700 de
215 2642 351 2721 unaque
383 2632 488 2698 forma
513 2632 674 2720 judicium
709 2633 796 2702 ducit
827 2631 1055 2702 Plautinorum
1094 2633 1241 2700 codicum

143 2739 307 2806 memoria.
350 2740 436 2808 Nam
466 2763 539 2806 cum
569 2764 663 2806 meme
689 2764 755 2806 non
782 2743 846 2808 nisi
873 2764 932 2828 per
954 2764 1113 2823 errorem,
1148 2740 1243 2825 cujus

144 2868 260 2912 causae
293 2846 388 2914 facile
420 2857 618 2934 appareant,
657 2847 806 2935 illapsum
843 2848 1103 2934 deprehendatur
1139 2847 1244 2931 (velut

144 2953 234 3020 Trio.
257 2959 317 3018 203
339 2965 446 3040 „aque
465 2978 521 3042 epo
542 2977 597 3020 me
617 2978 673 3020 me
693 2957 767 3020 adeo
782 2977 850 3022 oum
864 2955 922 3020 allis
935 2978 995 3020 una
1008 2955 1122 3020 ibo'dcm
1136 2953 1242 3020 trud&

144 3061 218 3144 EF,
243 3073 374 3148 apmact,
406 3071 443 3129 ut
460 3061 607 3145 videtur,
637 3060 730 3128 ABG
752 3062 1091 3154 —frequentissimae
1113 3085 1242 3150 corrup·

143 3169 227 3239 telae
246 3181 307 3234 met
325 3169 419 3236 affixi
440 3171 625 3258 exemplum
647 3170 797 3258 praebet)
819 3195 826 3236 :
849 3172 976 3259 saepius
1003 3172 1086 3238 inest
1107 3185 1175 3255 tete,
1205 3182 1243 3237 ut

143 3277 261 3344 Pseud.
285 3281 344 3344 702
376 3279 481 3357 Quoto
506 3302 567 3342 oon
593 3281 752 3344 soadt?:.·
781 3280 822 3344 Jo
849 3281 919 3344 Tele
939 3292 1086 3357 warena,
1107 3292 1134 3344 te
1154 3301 1242 3366 rope,

143 3393 196 3474 qai
213 3388 368 3472 Imperitos
391 3385 551 3454 Pseudulo
573 3385 647 3471 (A).
692 3385 773 3462 dote,
794 3397 848 3450 tete
870 3390 989 3458 branae
1008 3386 1117 3470 BCD)
1139 3409 1147 3448 ι

8 3525 9 3536 ¹
143 3495 200 3562 ubi
229 3515 271 3559 ex
298 3493 331 3558 A
356 3494 512 3560 memoria
537 3491 698 3578 refingere
727 3492 823 3558 alicui
851 3493 1010 3580 placuerit
1038 3515 1045 3555 :
1076 3494 1154 3576 „Jo,
1188 3492 1242 3575 Ji,

143 3613 230 3686 tete,
253 3602 390 3683 nordana,
411 3613 438 3666 te
457 3601 560 3683 oocd“,
583 3601 634 3684 (ut
654 3600 913 3688 monosyllabum
935 3609 968 3666 et
988 3598 1184 3686 bisyllabum
1199 3599 1242 3665 Jo

143 3731 178 3776 se
200 3708 399 3796 contingant,
422 3707 512 3774 utin
535 3705 717 3773 Catulliano
741 3708 801 3791 „Jo
822 3708 957 3792 Illymea,
979 3707 1158 3790 Hymenaee
1177 3706 1239 3790 a'o“‚

143 3815 302 3906 siquidem
324 3815 365 3882 de
381 3815 514 3883 elisione
528 3823 616 3882 recte
630 3815 796 3902 praecepit
809 3813 1038 3879 Lachmannus
1053 3814 1093 3880 ad
1108 3814 1253 3887 Lucret„

143 3949 173 4013 p.
192 3927 274 4011 103).
319 3925 406 3991 Nam
428 3922 469 3991 ad
484 3923 594 3989 Bothii
610 3921 865 3989 emendationem
888 3920 959 3988 Cas.
974 3921 1024 3988 IV
1039 3927 1068 4004 3,
1084 3927 1103 3986 3
1123 3943 1240 4009 provo·

142 4054 215 4100 care
235 4055 300 4098 non
322 4030 437 4098 audeo.
480 4029 577 4098 Cure.
592 4033 632 4095 37
651 4030 735 4096 Dum
749 4031 825 4096 te‘te
838 4031 994 4098 medaeas
1008 4035 1112 4116 nupta,
1134 4033 1237 4113 codun,
