2946 4870
1179 367 1217 430 67

114 547 241 637 possit,
269 548 430 635 pruritum
450 547 610 636 gloriandi
639 557 671 616 et
691 548 873 616 molestiam
893 549 991 616 tacite
1011 548 1123 648 laudes
1144 571 1220 616 suas

115 654 345 742 concoquendi
374 677 440 721 non
468 657 561 728 ferat.
609 655 651 722 In
677 658 780 724 altero
811 666 919 724 autem
946 658 1094 745 exemplo
1115 656 1220 744 magis

118 773 196 830 erat
227 785 269 830 ex
297 763 530 830 consuetudine
559 763 766 853 scriptorum,
797 775 834 832 ut
865 774 921 832 aut
950 766 1097 854 inquines
1129 765 1221 832 daret

118 876 222 958 poe'ta
244 880 300 938 aut
319 873 481 959 inquinare
495 883 579 958 potes
605 872 753 958 (poteris)
774 894 781 939 :
804 872 1046 960 conjunctivum
1074 893 1139 940 non
1166 895 1221 940 ax·

120 977 225 1066 plicas
246 980 307 1045 nisi
328 1002 370 1046 ex
398 980 511 1046 eadem
535 981 742 1065 attractione,
772 981 948 1048 seeundum
970 1002 1067 1070 quam
1086 981 1121 1047 in
1141 981 1221 1047 rela-

119 1087 200 1153 tivis
236 1087 408 1154 enuntiatis
439 1087 560 1154 dictum
592 1087 823 1154 sententiamve
854 1088 1071 1156 indicantibus
1102 1089 1156 1155 vel
1186 1087 1220 1153 id

119 1195 231 1282 ipsum
252 1196 397 1278 verbum,
420 1195 506 1282 quod
527 1194 656 1260 dicendi
675 1195 876 1262 sentiendive
891 1195 957 1261 vim
970 1195 1078 1280 babet,
1100 1197 1134 1263 in
1150 1219 1222 1263 oon-

117 1300 305 1390 junctivum
325 1301 461 1368 vertitur
493 1301 538 1386 (v.
559 1301 688 1390 Zumpt.
710 1305 730 1386 ξ
753 1305 845 1388 551);
876 1303 932 1368 sed
959 1304 1125 1392 praeteriti
1150 1325 1222 1370 eon-

116 1409 269 1498 junctivo
291 1431 374 1499 quae
397 1410 562 1475 excusatio
584 1409 693 1498 parari
713 1409 815 1498 possit
836 1411 959 1478 nullam
979 1409 1091 1488 video,
1111 1409 1223 1500 itaqua

124 1517 269 1585 rescribo
291 1519 405 1605 poecis.
459 1517 571 1584 Tertio
599 1520 670 1585 loco
699 1519 824 1585 accedit
849 1518 967 1584 mbum
994 1520 1223 1606 fragmentum,

125 1625 215 1714 quod
236 1627 269 1691 in
291 1649 318 1692 c.
341 1628 380 1693 55
407 1625 545 1692 horridis
569 1625 715 1692 versibus
744 1635 776 1693 et
803 1635 966 1694 structura
992 1625 1146 1715 impedita
1174 1649 1224 1693 oo·

124 1742 262 1821 gnatum
289 1734 502 1800 inseruerunt.
546 1735 638 1820 „Non
665 1746 759 1801 actos
786 1735 817 1798 εἰ
833 1733 980 1823 finpor
1010 1735 1063 1800 ille
1093 1735 1224 1812 Oretana,

125 1841 199 1907 Non
224 1843 255 1906 εἰ
276 1841 418 1930 Pepaeeo
438 1840 470 1927 f
472 1864 561 1907 erar
589 1842 707 1920 uolatu,
737 1843 809 1908 Non
832 1841 944 1908 Ludna
971 1865 1026 1931 epo
1044 1843 1226 1928 pinnipesve

124 1951 273 2032 Perseus,
295 1950 367 2013 Non
381 1948 478 2014 Blaesi
495 1949 606 2014 niveae
627 1950 761 2036 citaeque
783 1950 882 2038 depae.
925 1949 1021 2016 Adde
1040 1953 1098 2016 buc
1117 1950 1226 2036 plumi-

122 2059 218 2144 pedes
240 2057 440 2143 volote'lesque,
469 2056 693 2144 Ventorumque
714 2058 812 2123 simul
831 2062 948 2144 reptare
962 2081 1097 2124 ouramn.
1142 2057 1227 2136 Quos

114 2167 258 2254 junctos,
282 2165 414 2246 Comari,
436 2164 519 2229 mito·
537 2163 707 2242 dicares,
732 2163 878 2252 Defeaaea
899 2177 998 2230 nmen
1014 2164 1147 2230 omnibns
1167 2187 1226 2230 rne-

128 2273 235 2356 dulb's,
266 2272 308 2337 Et
328 2273 429 2338 multia
450 2274 625 2357 tenporibus
642 2294 768 2358 perans
788 2271 920 2338 Essem
942 2284 976 2337 to
995 2273 1088 2350 milei,
1117 2271 1226 2348 amice,

127 2380 373 2468 quonaonffl:
396 2378 453 2444 sed
473 2378 519 2444 ita
538 2379 638 2444 illitus
660 2387 709 2446 est
730 2379 783 2445 bie
803 2401 930 2467 pannus
948 2379 1069 2463 naevis,
1090 2386 1127 2444 ut
1140 2399 1227 2444 nunc

129 2489 242 2555 melius
264 2488 304 2554 sit
325 2510 455 2554 manum
467 2471 516 2553 ¹de
537 2487 671 2554 tabula:
693 2509 793 2554 unum
813 2509 982 2554 monemus
998 2511 1005 2552 :
1020 2487 1139 2553 dicares
1159 2486 1228 2552 sive

129 2597 161 2664 id
184 2597 272 2686 quod
299 2597 368 2683 ejus
395 2597 467 2661 loco
487 2595 720 2662 restituendum
746 2605 796 2662 est
823 2617 889 2662 non
911 2593 972 2660 nisi
1000 2617 1068 2683 per*
1081 2594 1229 2661 anacolu-

129 2707 232 2771 thiam
252 2703 435 2792 praesentia
452 2702 677 2769 antecedentia
692 2704 881 2770 continuare
896 2702 959 2769 dici
979 2724 1096 2792 posse:
1119 2724 1228 2791 quem-

132 2811 303 2879 admodum
332 2811 374 2876 ad
396 2811 557 2876 diversam
583 2811 846 2898 probabilitatem
875 2809 1099 2877 condicionum
1117 2818 1229 2875 notan·

132 2922 204 2988 dam
225 2920 259 2986 in
280 2919 402 3008 protasi
425 2918 554 2984 modum
575 2917 714 2984 variavit
739 2919 811 2984 Liv.
834 2918 883 2984 VI
905 2923 954 3002 40,
980 2920 1016 2983 17
1040 2942 1047 2982 :
1071 2915 1128 3002 „Si
1145 2917 1230 2983 bodie

132 3030 209 3095 bello
238 3028 337 3108 ac'nt,
371 3029 456 3115 quale
482 3026 651 3092 Etruscum
674 3026 750 3113 fuit
770 3073 776 3090 .
800 3073 808 3090 .
836 3039 862 3090 et
891 3027 1077 3092 eoneuhtum
1099 3074 1107 3090 .
1130 3073 1137 3090 .
1161 3072 1168 3089 .
1191 3024 1230 3090 L.

132 3139 252 3202 &natea
270 3147 424 3222 peteret
445 3137 694 3221 :possetisne
706 3140 798 3221 ferre
813 3133 949 3202 Sentium
965 3135 1048 3200 baud
1062 3132 1230 3222 prodobio

134 3248 284 3313 conculam
305 3244 411 3310 esae?“

216 3352 409 3420 Posterioris
430 3350 544 3418 aetatis
564 3360 679 3439 poetae
701 3351 772 3417 fieri
793 3360 900 3439 potest
920 3358 958 3416 ut
976 3349 1029 3416 bic
1048 3349 1113 3414 illie
1126 3357 1229 3414 metro

134 3460 334 3526 consulentes
368 3459 573 3526 severitatem
608 3458 852 3545 grammaticam
886 3456 1076 3547 spreverint.
1133 3453 1231 3521 Certe
1313 3517 1318 3522 .

134 3589 190 3634 eae
213 3588 337 3651 causae,
360 3566 477 3654 quibus
498 3567 625 3631 Dissen.
643 3566 750 3632 Praef.
774 3565 892 3632 Tibull.
914 3589 947 3653 p.
965 3569 1022 3629 182
1044 3568 1160 3651 pottae
1181 3561 1231 3628 sui

135 3675 366 3763 discrepantias
388 3674 541 3757 defendit,
563 3672 621 3738 vix
640 3673 698 3738 ulli
719 3671 891 3738 sufficient.

448 4006 915 4058 --aefloeoe—
