2946 4870
1197 383 1235 446 lo

199 549 253 626 E't
281 580 354 626 eum
385 559 534 626 morbum
563 558 644 624 mibi
674 581 759 641 esse,
788 567 825 624 ut
857 559 913 646 qni
944 582 991 626 me
1022 561 1104 646 opus
1134 559 1178 626 sit

833 664 1037 753 insputtriar.

137 773 208 840 Mil.
233 779 342 840 1222:

199 879 313 946 Audin
335 901 418 968 quae
438 879 610 969 loquitur?
632 903 662 948 z:
691 880 819 964 Audi03
842 902 940 968 quam
960 880 1087 963 locust,
1108 881 1184 967 quia

835 1000 863 1054 tc
884 986 970 1054 adiit

138 1093 224 1162 Ruti.
246 1099 336 1161 608:

199 1201 241 1268 In
256 1203 312 1288 jus
333 1210 431 1268 vocat
450 1223 500 1267 ma
519 1223 527 1265 ε
548 1201 594 1268 ibi
620 1223 683 1289 ego
703 1202 814 1268 nescio
835 1201 1000 1290 quomodo
1022 1251 1032 1267 .
1054 1251 1095 1266 ..

138 1325 320 1392 Dalandnm
343 1337 392 1392 ast
412 1327 509 1392 eham
530 1323 617 1392 Men.
642 1329 712 1391 710.
738 1331 846 1392 1034:

180 1447 275 1558 Quae
296 1453 348 1516 res
369 1463 397 1516 te
418 1452 522 1538 agitat
542 1448 686 1516 mulier?
724 1449 874 1516 Etiamne
895 1450 1078 1539 impudens.

177 1561 269 1647 Aput
290 1571 319 1624 te
338 1558 500 1640 habitabo,
523 1559 557 1624 et
578 1557 707 1646 quando
732 1556 802 1641 ibis,
824 1562 890 1624 una
902 1568 1010 1624 tecum
1023 1557 1079 1623 ibo
1094 1557 1234 1624 domum.

138 1683 255 1772 Neque
277 1694 362 1768 erat,
397 1707 454 1749 cur
481 1683 632 1772 primaria
653 1705 804 1752 mensura
823 1683 945 1771 primae
965 1705 1121 1771 personae
1143 1683 1234 1750 verbi

138 1792 379 1859 oblitteraretur
398 1791 490 1858 Asin.
514 1795 573 1858 536
596 1815 603 1856 :

178 1897 255 1965 Non
276 1910 352 1967 voto
374 1899 425 1965 ted
445 1902 563 1984 amare,
585 1899 641 1988 qui
662 1899 794 1983 danunt,
816 1923 881 1989 qua
903 1907 1051 1966 amentur
1072 1899 1178 1986 gratia
1200 1925 1207 1963 ε

138 2029 211 2072 cum
231 2007 343 2074 liceret
365 2032 372 2073 :
395 2007 486 2093 „Noa
508 2019 572 2073 voto
594 2019 629 2072 ta
650 2005 783 2072 omnire‘.
828 2005 922 2074 Guro.
946 2010 1005 2072 593
1028 2030 1099 2095 sqq.
1126 2005 1235 2072 nescio

138 2138 180 2180 an
209 2115 342 2179 nimium
373 2113 524 2181 reciderit
550 2113 660 2180 Fleck.
692 2123 818 2202 gratam
849 2123 965 2201 poetae
995 2113 1235 2203 loquacitatem,

139 2242 293 2308 cumpro
316 2243 354 2286 co
377 2221 527 2310 quodV.
550 2219 586 2288 O.
609 2220 770 2287 exhibet:

179 2327 302 2394 Verum
316 2327 482 2395 mulierem
496 2327 650 2415 pejorem,
672 2351 768 2414 quam
790 2328 870 2392 haec
884 2314 1016 2394 amicast
1030 2325 1234 2412 Phaedromi,

178 2436 254 2503 Non
275 2436 343 2501 vidi
364 2458 470 2523 neque
492 2435 602 2501 audivi
622 2457 729 2524 neque
750 2434 806 2523 pol
829 2433 892 2500 diei
914 2457 974 2499 nco
994 2434 1077 2522 fingi
1097 2445 1203 2523 potest

179 2541 289 2630 Pejor,
312 2565 410 2632 quam
430 2544 511 2610 haec
533 2551 591 2626 cst,
613 2564 696 2631 quae
717 2542 774 2608 ubi
791 2541 865 2608 med
879 2541 965 2607 hunc
979 2542 1098 2608 habere
1113 2543 1235 2632 conspi-

836 2659 941 2736 catast
962 2652 1093 2716 anulum
1115 2689 1154 2701 -

136 2767 363 2846 praeterquam
384 2757 471 2846 quod
493 2758 584 2822 alteri
604 2755 712 2823 versui
733 2757 891 2822 succurrit
915 2769 989 2842 „aut
1009 2757 1137 2823 audcch
1160 2758 1234 2823 scri·

137 2864 244 2930 bondo
267 2864 356 2950 (nam
376 2863 463 2952 quod
483 2862 621 2929 Bothius
643 2863 775 2930 dederat
797 2887 909 2951 „aeque
930 2864 1051 2947 auditu,
1072 2863 1149 2930 ferri
1169 2888 1235 2930 non

137 2982 257 3062 potest,
278 2995 310 3037 v.
331 2969 443 3038 Flecls.
465 2969 585 3036 Exere.
608 2968 656 3035 Pl
678 2994 709 3058 p.
734 2976 782 3037 11.
806 2971 872 3054 26.)
898 3009 930 3018 -
955 2972 1087 3036 tertium
1106 2995 1235 3038 versum
1258 3044 1261 3049 ¹

137 3081 184 3147 aio
206 3080 382 3145 restituerit
404 3103 411 3144 :

199 3187 292 3269 Quae
314 3183 501 3276 [extemplo]
507 3236 516 3270 ,
544 3185 600 3252 ubi
621 3189 693 3253 med
710 3185 796 3253 hunc
815 3187 936 3254 habere
958 3185 1175 3275 conspicatast

355 3277 357 3282 ⁷
887 3295 1035 3380 anulum3

138 3403 256 3470 licebat
288 3403 371 3468 enim
403 3401 536 3492 „Pejost
573 3402 614 3468 ab
646 3401 737 3468 initio
769 3424 881 3468 versus
912 3403 1070 3486 retinere,
1103 3402 1233 3470 resectis

138 3533 222 3600 quac
243 3511 420 3598 sequuntur
443 3533 557 3596 „qaam
577 3509 651 3574 buco
672 3507 745 3593 eat“,
769 3519 805 3575 ut
826 3510 956 3599 legatur
977 3531 984 3574 :

199 3637 306 3726 Pejor,
329 3659 412 3726 quac
434 3635 489 3701 ubi
510 3658 558 3701 me
578 3635 663 3700 huno
684 3634 805 3701 babere
827 3635 1044 3722 conspicatast
1064 3633 1204 3716 anulum,

137 3772 174 3830 ut
194 3761 300 3830 hiatus
320 3771 393 3849 post
413 3759 544 3848 quaein
565 3761 630 3826 arsi
651 3758 786 3848 positam
808 3760 1008 3826 admittatur.
1051 3757 1118 3848 Sed
1148 3759 1233 3826 intra

136 3871 216 3938 fines
248 3869 353 3936 hiatus
384 3891 404 3934 a
431 3867 542 3934 Fleck.
577 3877 775 3956 propagatos
807 3865 916 3933 nescio
948 3889 990 3933 an
1022 3867 1233 3936 confidentius

137 3976 358 4066 recipiendum
379 3975 419 4042 sit
439 3975 559 4042 Bacch
584 3979 638 4040 101
664 3999 672 4041 :

176 4109 270 4176 Bene
294 4133 343 4176 mc
372 4107 489 4197 accipis
514 4105 746 4191 advenientem,
767 4109 843 4174 mta
862 4127 953 4174 soror
974 4128 1005 4172 ει
1027 4105 1115 4188 Quid
1135 4109 1191 4194 ita,

885 4215 1019 4282 obsecro
1041 4236 1049 4279 z
