2946 4870
222 541 267 626 (v.
286 539 390 628 Bopp.
412 539 448 610 II
471 541 546 622 lll)
566 539 681 606 cedern
701 537 820 606 suffixo
840 547 984 618 utuntur,
1008 548 1042 605 et
1061 539 1147 626 qnia,
1168 537 1323 625 quemad-

222 647 353 716 modum
381 669 502 714 sanscr.
523 671 591 714 roro
611 647 834 735 praesentibus
856 647 1000 714 additum
1020 646 1055 712 in
1075 647 1165 712 aliud
1191 657 1324 732 tempus

222 756 255 824 h.
271 778 297 822 e
313 757 346 822 in
366 756 577 844 praeteritum
598 755 757 821 actionem
778 755 923 838 remittit,
944 755 991 822 ita
1012 767 1074 820 mot
1093 755 1229 820 latinum
1249 775 1324 840 per

225 885 338 930 sonam
358 863 400 930 ab
421 863 523 930 altera
542 871 636 950 parte
656 861 750 927 elteri
770 870 846 949 apte
868 859 1012 949 opponit.

307 971 379 1039 Nec
398 971 505 1038 minus
527 970 568 1036 ed
589 969 841 1036 demonstrativa
861 969 1053 1057 pronomina
1073 968 1257 1034 revocanda
1276 967 1326 1032 vi-

226 1078 320 1146 detur
341 1077 443 1144 altera
469 1099 546 1164 pars
568 1077 792 1144 encliticorum
814 1089 867 1162 pte
889 1086 922 1142 et
940 1077 1051 1162 proin
1072 1075 1187 1142 formis
1204 1075 1327 1162 crisin

224 1185 322 1267 (Otto
344 1207 396 1272 up.
418 1184 510 1252 Paul„
532 1183 622 1252 Festi
643 1207 673 1272 p.
698 1186 757 1250 152
777 1182 849 1268 Μ),
873 1196 967 1270 mepte
986 1183 1106 1268 (Plaut
1121 1182 1323 1250 Menaechm.

227 1292 331 1376 1059),
360 1304 444 1380 copto
472 1291 570 1376 (Orto
592 1314 644 1379 ap.
665 1291 758 1358 Paul.
779 1315 809 1378 p.
830 1289 916 1378 379),
948 1314 1036 1378 repre
1057 1289 1140 1376 (cie.
1163 1291 1247 1378 Rep.
1266 1290 1325 1356 HI

224 1401 269 1484 8),
291 1400 337 1466 ita
357 1409 394 1466 ut
414 1399 455 1469 ad
470 1424 515 1486 pe
535 1399 630 1482 illud,
656 1398 744 1486 quod
771 1399 806 1466 in
832 1399 960 1484 s'pss'ppe
987 1400 1104 1485 quippe
1124 1421 1234 1484 rrcmpe
1253 1399 1325 1484 ipse

224 1509 329 1578 inesse
351 1505 492 1578 Oorssen
512 1509 554 1574 A
577 1507 617 1574 V.
637 1507 677 1574 B.
696 1507 734 1574 11
757 1509 815 1574 273
837 1529 883 1594 sq.
906 1506 1059 1588 ostendit,
1085 1507 1139 1572 vel
1166 1506 1323 1592 ejusdem,

225 1615 313 1705 quod
333 1617 405 1702 ipse
426 1615 578 1697 continet,
598 1614 652 1679 vel
671 1614 750 1700 ejus,
772 1615 858 1702 quod
880 1613 921 1679 ad
941 1619 993 1679 iste
1014 1613 1148 1680 affixum
1171 1625 1229 1696 est,
1249 1635 1323 1700 pro-

225 1723 362 1790 nominis
383 1745 477 1790 casue
498 1721 657 1790 locetivus
678 1720 860 1788 accesserit.

308 1835 338 1894 4.
366 1830 482 1915 Itaque
503 1828 551 1894 his
572 1827 698 1896 suffixis
714 1827 839 1894 collatis
852 1828 887 1896 id
901 1827 1076 1896 concedere
1091 1827 1246 1912 cogimur,
1269 1849 1323 1894 ex-

226 1935 432 2024 plicationem
460 1935 617 2021 aliquem,
644 1957 837 2022 quamquam
866 1936 962 2001 aliam
990 1944 1088 2022 atquo
1114 1934 1193 2000 viris
1220 1935 1323 2000 doctis

225 2044 392 2129 hueusque
429 2043 567 2130 placuit,
599 2051 747 2129 paratam
777 2065 850 2110 esse
879 2045 951 2108 mod
980 2051 1013 2108 et
1046 2045 1096 2108 ted
1129 2043 1322 2108 accusativis

227 2160 260 2218 ct
267 2155 347 2236 flm'
360 2150 511 2236 pontisne,
540 2159 577 2218 ut
596 2151 799 2218 accusativus
828 2151 1025 2239 pronominis
1054 2152 1233 2237 personalis
1248 2153 1322 2239 jun-

226 2269 358 2346 geretur
387 2279 461 2326 cum
489 2258 750 2327 demonstrativo.
799 2259 1015 2326 Revertamur
1041 2259 1143 2346 igitur
1168 2260 1210 2326 sd
1237 2259 1324 2326 testi·

225 2367 335 2434 monia
354 2387 439 2453 quae
459 2389 568 2432 revera
590 2368 626 2432 e'd
636 2366 762 2453 foetum
782 2390 845 2434 esre
866 2367 1054 2434 convincere
1071 2367 1218 2454 judicata
1238 2377 1323 2434 sunt.

226 2475 337 2560 Atque
358 2473 498 2559 primum
517 2473 551 2540 in
572 2496 703 2542 censum
724 2475 863 2542 vocandi
884 2485 958 2540 sunt
978 2476 1070 2541 omli.
1102 2475 1160 2542 Bis
1181 2477 1215 2542 in
1239 2475 1274 2543 S.
1286 2475 1324 2544 O.

227 2581 268 2647 de
295 2581 459 2648 Bacchan.
486 2583 574 2669 quod
602 2583 723 2669 legitur
749 2585 828 2649 inter
853 2583 926 2665 sed,
954 2592 1108 2650 nontam
1130 2583 1324 2668 dubitanter,

227 2711 326 2778 quem
356 2689 464 2777 Bopp.
486 2688 528 2754 V.
551 2687 593 2756 G.
624 2689 642 2755 I
671 2692 747 2772 350,
778 2690 954 2756 ablativum
984 2711 1058 2755 eum
1086 2690 1325 2778 praepositione

223 2798 374 2884 junctum
395 2819 465 2864 csse
486 2797 670 2883 statuimus;
694 2820 771 2864 nam
790 2819 863 2864 cum
882 2821 949 2864 non
969 2820 1092 2886 paucae
1114 2799 1324 2886 praepositio·

226 2927 284 2972 nes
305 2906 435 2990 latinae,
457 2927 541 2992 quae
562 2906 757 2993 procedente
774 2916 920 2997 tempore
935 2917 1086 2994 quartum
1106 2927 1216 2972 casum
1236 2905 1325 2992 flagi-

228 3011 357 3093 tabant,
385 3013 589 3080 asciscebant
610 3015 687 3080 olim
708 3015 899 3097 ablativum,
927 3024 995 3080 tum
1016 3014 1160 3080 interita
1180 3022 1270 3080 extet
1291 3013 1324 3078 in

228 3117 449 3203 conceptionis
470 3120 608 3186 formula
630 3122 777 3209 augurali
798 3121 886 3211 apud
907 3123 1002 3188 Varr.
1025 3122 1064 3186 L.
1086 3120 1124 3185 L.
1147 3121 1216 3187 VII
1237 3127 1256 3186 8
1278 3121 1322 3186 M.

230 3223 337 3309 „lotar
357 3247 394 3288 eo
414 3228 610 3312 conrepione,
634 3230 843 3313 conspicuous,
865 3229 1059 3310 cormmione,
1081 3233 1179 3314 utique
1202 3253 1238 3294 eo
1258 3253 1323 3294 rec-

229 3333 343 3400 tissime
364 3331 488 3420 Μεθ’,
511 3343 543 3398 et
557 3335 732 3422 vestigium
753 3335 905 3424 antiquae
927 3336 1172 3402 constructionis
1193 3337 1324 3404 exhibet

230 3461 380 3508 mensura
394 3439 643 3528 compositorum
659 3444 774 3508 intem
795 3452 827 3509 et
847 3445 1064 3530 totorumque,
1087 3444 1173 3532 quod
1188 3467 1208 3509 c
1222 3443 1323 3510 Lach-

230 3572 347 3618 manno
380 3548 422 3614 ed
448 3549 577 3616 Lucret.
606 3549 642 3615 Π
672 3553 732 3616 518
760 3550 876 3639 septies
903 3556 1017 3638 politae
1047 3553 1230 3620 restitutum
1259 3575 1324 3620 non

229 3657 324 3724 video
345 3679 411 3745 qua
432 3657 473 3724 de
496 3679 591 3724 causa
611 3657 773 3744 Bergkius
794 3659 846 3724 De
867 3658 971 3726 Plaut
992 3659 1057 3726 lab.
1074 3661 1196 3728 emend.
1218 3661 1323 3727 Halae

232 3765 309 3828 1858
331 3787 363 3851 p.
382 3765 414 3831 V
436 3765 595 3853 expellere
616 3775 650 3832 et
671 3765 797 3833 codices
819 3777 947 3832 secutus
969 3768 1192 3854 interutrasque
1212 3768 1323 3832 rescri-

228 3871 305 3937 bere
332 3871 426 3948 velit;
458 3894 533 3939 nem
560 3884 597 3940 ut
624 3887 769 3960 utrasque
795 3874 965 3959 genetivus
992 3897 1051 3962 pro
1080 3875 1217 3940 locativo
1246 3872 1322 3935 ferri

230 4001 325 4067 posse
354 3979 529 4067 largiamur
556 3981 782 4070 potiusquam
810 3980 1040 4065 concedamus,
1069 4003 1142 4046 oum
1170 3977 1322 4066 genetivo

232 4087 501 4176 praepositionem
528 4089 608 4154 iuter
632 4090 728 4176 jungi
759 4087 901 4176 potuisse
933 4089 1109 4156 certissime
1139 4086 1323 4175 negandum

237 4203 293 4262 cst
334 4195 471 4264 Accedit
491 4195 579 4285 quod
598 4194 632 4276 in
654 4197 723 4284 ipso
743 4205 853 4264 nostro
880 4205 1087 4263 monumento
1108 4203 1199 4264 extat
1219 4217 1323 4262 exem·
