2946 4870
253 355 293 416 28

253 531 357 598 Recte
391 531 425 596 in
460 529 558 597 Ennii
589 529 703 619 Epicb.
735 530 774 596 fr.
811 534 823 594 l
858 527 953 597 Vahl.
983 529 1055 616 jam
1085 527 1217 596 Ernesti
1245 544 1360 597 memet

254 639 364 706 eruit:

353 745 441 813 Nom
462 745 600 813 videbar
620 745 810 840 sdmpniare,
832 746 938 811 memor
958 767 1029 812 ease
1050 748 1210 810 mdrtuum
1232 770 1240 813 :

253 878 300 921 me
321 865 348 919 et
368 877 423 942 epo
444 852 526 936 libri,
549 853 619 918 med
638 876 693 942 eqo
715 875 789 918 cum
810 851 959 919 Manutio
982 861 1015 918 et
1028 852 1187 921 Lambino
1201 853 1356 936 Vahlen,

254 985 319 1029 non
340 960 394 1026 ille
416 959 582 1026 offendens
609 959 643 1025 in
670 961 752 1026 mira
773 958 984 1027 collocatione
1005 959 1188 1028 verborum.
1232 960 1356 1041 Quam-

255 1092 353 1160 quam
380 1068 488 1135 Plaut.
516 1067 614 1156 Epid.
642 1067 698 1133 III
726 1075 762 1150 3,
791 1072 828 1134 27
858 1090 943 1134 nunc
971 1068 1122 1154 legitur:
1151 1067 1245 1134 Dixrc
1272 1067 1356 1133 mihi

254 1180 278 1247 J
280 1176 456 1244 amdddum
478 1199 512 1242 sc
534 1174 616 1243 alius
638 1173 750 1262 [tium]
774 1174 893 1242 vidisse
913 1175 966 1240 hic
985 1175 1097 1242 fllium.

339 1289 387 1350 16.
427 1284 504 1352 Jam
524 1283 730 1370 pervenimus
753 1282 794 1349 ad
816 1305 872 1350 eos
900 1304 1028 1366 versus,
1055 1282 1113 1370 qui
1136 1284 1256 1349 nonin
1277 1305 1355 1372 pro·

253 1389 392 1458 nominis
413 1390 538 1468 forma,
570 1389 627 1456 sed
657 1389 721 1457 alio
750 1391 821 1456 loco
851 1391 956 1457 labem
983 1390 1123 1478 aliquam
1151 1392 1356 1458 contraxisse

253 1499 414 1567 videntur.
457 1499 501 1566 Et
521 1498 661 1586 primum
681 1498 811 1586 quidem
833 1497 977 1586 pleniore
998 1497 1155 1586 prominis
1177 1499 1228 1564 laic
1247 1498 1355 1565 forma

253 1609 321 1675 laice
341 1629 575 1694 nonnunquam
595 1615 748 1672 revocata
773 1607 921 1672 versibus
947 1615 1037 1672 recto
1065 1606 1131 1672 talo
1159 1616 1245 1672 stare
1266 1607 1354 1674 licet.

255 1717 303 1784 Ut
323 1715 363 1781 B„
384 1715 473 1781 Men.
497 1719 558 1780 940

329 1795 471 1908 ligomet
492 1821 572 1885 haec
593 1830 626 1886 te
648 1819 715 1886 vldi
736 1820 854 1905 facere,
877 1821 1006 1908 egomet
1027 1821 1166 1888 berceto
1187 1823 1288 1908 drguo

254 1927 408 2017 praetulit
449 1927 665 1994 emendationi
712 1927 836 2017 Guyeti
884 1932 956 1994 boec
989 1929 1041 1994 ted
1069 1952 1076 1993 :
1106 1927 1221 2002 eodem
1255 1928 1353 1996 modo

254 2037 339 2102 Rud.
366 2041 445 2104 1090

295 2136 415 2213 U'num
435 2155 469 2211 le
492 2145 637 2229 obsecro,
657 2148 695 2210 rit
715 2157 743 2211 te
763 2146 880 2233 depasce
897 2145 1156 2212 commiserescat
1169 2144 1312 2212 mulieris

253 2255 360 2320 minus
374 2292 376 2296 ·
392 2253 573 2341 periculosa
599 2253 760 2320 medicina
788 2263 838 2320 est
869 2276 966 2341 quam
995 2252 1140 2319 adbibita
1166 2277 1185 2320 a
1212 2253 1355 2320 Fleck:

254 2367 304 2428 tad
323 2363 422 2447 apos.
465 2359 560 2430 Ouro.
576 2365 637 2427 386
659 2360 847 2429 adverbium
868 2383 997 2449 quoque
1019 2361 1193 2428 locativum
1213 2384 1279 2428 non
1301 2361 1355 2428 de·

255 2478 424 2554 curtatum,
447 2471 541 2556 quale
561 2469 595 2534 in
617 2471 711 2536 titulo
733 2468 903 2557 Aquilensi
924 2468 962 2534 J.-
980 2469 1020 2534 R.
1038 2469 1081 2535 N.
1104 2473 1185 2536 5882
1206 2469 1301 2536 darei
1319 2478 1354 2536 et

255 2578 290 2644 in
310 2576 448 2643 Pollano
470 2579 558 2643 liure
579 2577 734 2664 scriptum
756 2586 855 2660 extat,
877 2576 1094 2644 revocaverim
1117 2602 1125 2642 r

352 2684 488 2773 Edepol,
509 2707 550 2750 ne
572 2705 634 2771 ego
657 2685 720 2751 laiac
741 2707 788 2749 ma
807 2689 895 2751 intus
916 2684 1044 2774 explevi
1066 2687 1178 2773 probe.
1205 2755 1208 2760 ,

356 2793 497 2883 (Edepol
517 2814 640 2880 neego
661 2793 714 2858 hic
734 2815 816 2859 auno
835 2815 887 2858 me
907 2797 995 2859 lutus
1017 2793 1146 2881 explevi
1167 2792 1269 2881 probe

255 2904 372 2970 tacitus
395 2903 580 2969 emendavit
602 2899 643 2968 G.
666 2901 874 2968 Hermannus
896 2901 1011 2968 Philol.
1032 2901 1087 2967 HI
1108 2905 1177 2966 464.
1200 2901 1285 2984 467).

338 3009 444 3090 Quam
471 3009 655 3076 libertatem
682 3034 755 3076 cum
784 3010 937 3077 adverbio
968 3033 1048 3076 nunc
1076 3031 1143 3074 non
1164 3009 1235 3098 pari
1257 3007 1353 3073 confi·

255 3115 367 3182 dentia
397 3116 573 3183 concedere
602 3117 703 3184 ausim
725 3153 766 3164 —
793 3141 869 3184 nam
898 3117 984 3204 quod
1015 3116 1109 3182 huius
1142 3115 1244 3182 simile
1276 3114 1353 3180 olim

255 3223 340 3290 Rud.
362 3227 423 3288 426
445 3223 706 3290 commendatum
728 3235 792 3307 eet,
814 3226 894 3308 sice,
916 3222 1104 3290 destitutum
1127 3234 1176 3290 est
1196 3224 1353 3291 librorum

256 3331 441 3401 testimonio
463 3367 504 3377 -
526 3327 629 3397 Stich.
653 3333 715 3397 504

340 3439 415 3522 Qua
436 3440 510 3527 lege
531 3462 612 3504 ormo
633 3463 681 3504 me
702 3438 840 3506 essurire
862 3447 1010 3528 oporteat

256 3551 340 3617 malo
371 3571 444 3615 oum
471 3546 597 3634 Pylade
627 3569 677 3614 mc
707 3569 785 3613 nunc
811 3545 1052 3637 transponendo
1086 3567 1210 3613 sanare
1258 3545 1354 3614 Cure.

260 3663 273 3723 l
301 3667 410 3724 autem

422 3761 497 3844 Quo
518 3764 566 3829 te'd
584 3764 647 3828 hoc
668 3763 772 3829 noctis
794 3761 900 3828 dicam
921 3761 1082 3851 proficisci
1103 3762 1190 3828 foras

257 3869 297 3938 Β.
321 3868 358 3936 O.
380 3873 555 3958 praebent,
583 3885 610 3936 te
638 3871 696 3938 bac
717 3875 814 3936 acetis
835 3869 914 3936 Pall
939 3875 968 3937 2.
991 3875 1021 3938 3.
1044 3877 1073 3937 4.
1118 3870 1220 3959 Cujus
1241 3890 1355 3935 versus

256 3978 466 4061 mutationes,
496 4001 577 4066 quas
598 3979 688 4070 prius
710 3987 925 4061 tentaveram,
946 3989 983 4044 ut
1005 3980 1057 4045 vel
1079 3991 1107 4043 te
1127 3978 1167 4044 de
1187 3981 1240 4044 loc
1260 3979 1356 4046 uocas

258 4086 430 4154 scriberem
448 4121 489 4134 -·
510 4109 586 4152 nam
607 4087 875 4174 quemadmodum
898 4086 996 4153 dictio
1019 4087 1058 4154 de
1078 4097 1161 4152 nocte
1181 4085 1356 4152 accedente

259 4194 418 4284 adjectivo
451 4196 558 4279 mrcltc,
589 4194 635 4261 ita
663 4196 760 4266 etiarn
788 4194 978 4286 pronomine
1005 4193 1130 4262 definiri
1158 4214 1253 4282 posse
1279 4193 1356 4259 mihi
