2946 4870
288 1711 293 1720 ⁵
349 1769 713 1888 Meletemata
746 1771 1027 1890 Plautina.

314 2065 336 2148 I
393 2067 461 2150 De
495 2073 581 2152 need
616 2079 660 2152 et
694 2075 757 2154 ted
791 2070 1058 2152 accusativis.

223 2301 373 2387 Imperio,
397 2301 485 2390 quod
506 2323 583 2368 usus
604 2304 637 2368 in
654 2303 768 2390 lingua
781 2303 842 2369 sibi
857 2302 1037 2391 adrogavit,
1060 2324 1098 2368 ea
1111 2310 1236 2368 tentum

142 2407 290 2474 cautione
312 2407 394 2474 ratio
416 2410 639 2497 obtemperare
657 2407 748 2494 solet,
770 2420 807 2476 ut
828 2410 996 2477 occasione
1018 2411 1127 2476 oblata
1148 2431 1236 2496 gras·

140 2526 265 2582 sentem
285 2515 355 2602 ejus
378 2515 541 2583 licentiam
563 2518 658 2584 certis
685 2516 813 2604 legibus
834 2517 1097 2584 circumscribere
1117 2517 1187 2600 vel,
1209 2518 1235 2582 si

139 2623 173 2688 id
193 2624 299 2690 minus
319 2627 502 2712 contingat,
530 2647 662 2692 caecum
690 2625 859 2691 arbitrium
881 2647 998 2712 cogere
1020 2632 1171 2707 conetur,
1200 2634 1238 2688 ut

138 2730 210 2796 loco
233 2734 362 2799 omnino
384 2734 486 2800 cedat
530 2731 597 2800 Sed
619 2757 693 2800 cum
713 2733 795 2800 ratio
816 2734 948 2821 linguae
969 2735 1059 2821 leges
1080 2754 1147 2797 non
1166 2731 1239 2819 ipsa

139 2827 368 2926 praescribere,
391 2840 448 2906 sed
470 2843 605 2929 scriptas
630 2863 807 2929 agnoscere
829 2841 954 2923 debeat,
976 2839 1155 2906 verendum
1178 2848 1237 2919 est,

139 2968 181 3011 ne
208 2946 242 3012 in
272 2950 468 3014 contrarium
496 2948 609 3013 vitium
640 2948 785 3014 incidens
818 2947 981 3036 improbet
1012 2967 1067 3028 ea,
1099 2967 1237 3034 quornm

139 3075 253 3120 causas
280 3076 339 3142 pro
369 3077 427 3120 sua
454 3053 611 3122 tenuitate
641 3078 707 3121 non
741 3065 849 3143 potest
877 3054 1069 3143 perspicere.
1119 3053 1236 3141 Itaque

138 3161 277 3227 mediam
307 3162 469 3258 quandam
502 3163 587 3230 inter
616 3163 805 3230 effrenatam
833 3162 1015 3230 libertatem
1045 3172 1079 3228 et
1106 3160 1236 3228 anxiam

140 3270 346 3336 severitatem
373 3272 460 3337 viam
488 3273 634 3359 ingressa
660 3271 860 3359 eandemque
882 3272 1056 3353 rationem,
1083 3291 1168 3358 quae
1195 3268 1236 3334 de
1305 3338 1312 3356 ,

139 3388 247 3444 creata
267 3379 379 3466 lingua
395 3379 531 3466 judicet,
554 3377 713 3445 creavisse
734 3379 837 3466 ipsam
850 3389 1015 3466 reputans,
1038 3379 1066 3442 si
1087 3377 1128 3444 ad
1149 3377 1236 3464 prin·

138 3483 224 3572 cipia
255 3487 403 3551 revocari
436 3486 565 3573 singula
594 3507 660 3550 non
690 3485 780 3570 licet,
813 3495 923 3552 tamen
958 3483 1170 3550 constentiam
1203 3492 1236 3550 et

139 3590 403 3678 aequabilitatem
437 3592 686 3681 deprehendisse
719 3592 796 3659 satis
827 3593 976 3676 habebit3
1007 3612 1091 3678 quae
1116 3589 1235 3678 quibus

138 3697 257 3779 insunt,
285 3719 324 3764 ea
349 3699 390 3764 ad
411 3721 558 3766 normam
580 3699 720 3788 aliquam
742 3698 865 3768 directa
884 3721 955 3766 esse
977 3720 1036 3786 per
1057 3719 1092 3763 se
1113 3705 1162 3764 est
1181 3719 1235 3764 ve-

137 3805 277 3872 risimile.
320 3804 381 3872 Illa
402 3815 509 3872 autem
532 3805 770 3896 aequabilitatis
791 3807 845 3872 lex
865 3807 934 3873 sive
955 3806 1124 3894 analogiae
1145 3815 1234 3893 pote

137 3923 254 3980 statem
275 3912 383 3980 dicere
403 3915 508 3980 mavis
530 3937 603 3980 cum
624 3915 711 3981 etin
733 3909 959 4001 conjunctione
972 3933 1090 3978 vocum
1110 3913 1143 3978 in
1165 3935 1234 3980 sen·

136 4023 258 4088 tentiae
279 4022 416 4088 formam
447 4031 535 4088 recte
561 4022 761 4088 aestimanda
786 4019 872 4088 etin
894 4042 1011 4087 vocum
1032 4021 1233 4108 singularum

136 4130 248 4196 formis
269 4130 311 4197 ad
337 4128 460 4196 radices
480 4129 671 4196 revocandis
692 4127 934 4217 diligentissime
956 4126 1160 4195 observanda
1180 4126 1231 4211 sit,

135 4248 205 4306 tum
238 4238 306 4306 fere
340 4239 410 4306 sola
444 4246 562 4326 regnat
596 4237 630 4306 in
667 4235 816 4305 flexionis
847 4257 961 4306 norma
996 4234 1229 4303 constibrenda

1011 4337 1028 4400 1
