<?xml version="1.0" encoding="UTF-8"?>
<!DOCTYPE html PUBLIC "-//W3C//DTD XHTML 1.0 Transitional//EN"
    "http://www.w3.org/TR/xhtml1/DTD/xhtml1-transitional.dtd">
<html xmlns="http://www.w3.org/1999/xhtml" xml:lang="en" lang="en">
 <head>
  <title>
</title>
<meta http-equiv="Content-Type" content="text/html;charset=utf-8" />
  <meta name='ocr-system' content='tesseract 3.04.00' />
  <meta name='ocr-capabilities' content='ocr_page ocr_carea ocr_par ocr_line ocrx_word'/>
</head>
<body>
  <div class='ocr_page' id='page_1' title='image "./meletemataplaut00umpfgoog_0045.png"; bbox 0 0 2946 4870; ppageno 0'>
   <div class='ocr_carea' id='block_1_1' title="bbox 270 385 311 446">
    <p class='ocr_par' dir='ltr' id='par_1_1' title="bbox 270 385 311 446">
     <span class='ocr_line' id='line_1_1' title="bbox 270 385 311 446; baseline 0 0"><span class='ocrx_word' id='word_1_1' title='bbox 270 385 311 446; x_wconf 82' lang='grc'><strong><em>34</em></strong></span> 
     </span>
    </p>
   </div>
   <div class='ocr_carea' id='block_1_2' title="bbox 249 555 1381 3874">
    <p class='ocr_par' dir='ltr' id='par_1_2' title="bbox 249 555 1381 3874">
     <span class='ocr_line' id='line_1_2' title="bbox 369 555 1096 646; baseline -0.004 -22"><span class='ocrx_word' id='word_1_2' title='bbox 369 557 479 626; x_wconf 77' lang='lat' dir='ltr'><strong><em>neam</em></strong></span> <span class='ocrx_word' id='word_1_3' title='bbox 501 581 553 624; x_wconf 89' lang='lat' dir='ltr'><strong><em>me</em></strong></span> <span class='ocrx_word' id='word_1_4' title='bbox 574 557 731 626; x_wconf 73' lang='lat' dir='ltr'><strong><em>advorsus</em></strong></span> <span class='ocrx_word' id='word_1_5' title='bbox 749 555 901 624; x_wconf 82' lang='lat' dir='ltr'><strong><em>dxordire</em></strong></span> <span class='ocrx_word' id='word_1_6' title='bbox 922 555 1096 646; x_wconf 71' lang='lat' dir='ltr'><strong><em>orgerio-‘s</em></strong></span> 
     </span>
     <span class='ocr_line' id='line_1_3' title="bbox 269 662 1381 753; baseline -0.004 -19"><span class='ocrx_word' id='word_1_7' title='bbox 269 665 408 753; x_wconf 84' lang='lat' dir='ltr'><strong><em>sprevit,</em></strong></span> <span class='ocrx_word' id='word_1_8' title='bbox 439 665 554 732; x_wconf 85' lang='lat' dir='ltr'><strong><em>fecisse</em></strong></span> <span class='ocrx_word' id='word_1_9' title='bbox 585 665 620 733; x_wconf 92' lang='lat' dir='ltr'><strong><em>id</em></strong></span> <span class='ocrx_word' id='word_1_10' title='bbox 645 664 775 732; x_wconf 82' lang='lat' dir='ltr'><strong><em>videtur</em></strong></span> <span class='ocrx_word' id='word_1_11' title='bbox 802 663 1031 732; x_wconf 83' lang='lat' dir='ltr'><strong><em>observatione</em></strong></span> <span class='ocrx_word' id='word_1_12' title='bbox 1057 663 1166 752; x_wconf 86' lang='lat' dir='ltr'><strong><em>aliqua</em></strong></span> <span class='ocrx_word' id='word_1_13' title='bbox 1192 671 1302 730; x_wconf 88' lang='lat' dir='ltr'><strong><em>motus</em></strong></span> <span class='ocrx_word' id='word_1_14' title='bbox 1333 662 1381 730; x_wconf 89' lang='lat' dir='ltr'><strong><em>da</em></strong></span> 
     </span>
     <span class='ocr_line' id='line_1_4' title="bbox 268 771 1381 860; baseline 0 -20"><span class='ocrx_word' id='word_1_15' title='bbox 268 771 367 840; x_wconf 86' lang='lat' dir='ltr'><strong><em>solius</em></strong></span> <span class='ocrx_word' id='word_1_16' title='bbox 389 775 555 842; x_wconf 72' lang='lat' dir='ltr'><strong><em>advorsum</em></strong></span> <span class='ocrx_word' id='word_1_17' title='bbox 583 774 706 842; x_wconf 82' lang='lat' dir='ltr'><strong><em>formae</em></strong></span> <span class='ocrx_word' id='word_1_18' title='bbox 733 772 983 855; x_wconf 86' lang='lat' dir='ltr'><strong><em>usu-Plautino,</em></strong></span> <span class='ocrx_word' id='word_1_19' title='bbox 1017 772 1057 839; x_wconf 87' lang='lat' dir='ltr'><strong><em>de</em></strong></span> <span class='ocrx_word' id='word_1_20' title='bbox 1086 795 1151 860; x_wconf 89' lang='lat' dir='ltr'><strong><em>qua</em></strong></span> <span class='ocrx_word' id='word_1_21' title='bbox 1178 771 1235 838; x_wconf 89' lang='lat' dir='ltr'><strong><em>ubi</em></strong></span> <span class='ocrx_word' id='word_1_22' title='bbox 1263 773 1381 860; x_wconf 79' lang='lat' dir='ltr'><strong><em>egerit</em></strong></span> 
     </span>
     <span class='ocr_line' id='line_1_5' title="bbox 268 877 1378 968; baseline -0.001 -21"><span class='ocrx_word' id='word_1_23' title='bbox 268 903 355 947; x_wconf 89' lang='lat' dir='ltr'><strong><em>nune</em></strong></span> <span class='ocrx_word' id='word_1_24' title='bbox 381 883 508 965; x_wconf 88' lang='lat' dir='ltr'><strong><em>neseio,</em></strong></span> <span class='ocrx_word' id='word_1_25' title='bbox 540 881 646 968; x_wconf 79' lang='lat' dir='ltr'>egisse</span> <span class='ocrx_word' id='word_1_26' title='bbox 675 889 784 958; x_wconf 85' lang='lat' dir='ltr'><strong><em>autem</em></strong></span> <span class='ocrx_word' id='word_1_27' title='bbox 812 877 943 946; x_wconf 89' lang='lat' dir='ltr'><strong><em>videtur</em></strong></span> <span class='ocrx_word' id='word_1_28' title='bbox 973 889 1048 968; x_wconf 90' lang='lat' dir='ltr'><strong><em>post</em></strong></span> <span class='ocrx_word' id='word_1_29' title='bbox 1071 879 1192 968; x_wconf 85' lang='lat' dir='ltr'><strong>Amph.</strong></span> <span class='ocrx_word' id='word_1_30' title='bbox 1214 902 1235 944; x_wconf 86' lang='lat' dir='ltr'><strong><em>a</em></strong></span> <span class='ocrx_word' id='word_1_31' title='bbox 1256 879 1378 946; x_wconf 82' lang='lat' dir='ltr'><strong><em>Fleek.</em></strong></span> 
     </span>
     <span class='ocr_line' id='line_1_6' title="bbox 270 987 1377 1078; baseline 0 -24"><span class='ocrx_word' id='word_1_32' title='bbox 270 987 405 1072; x_wconf 89' lang='lat' dir='ltr'><strong><em>editam,</em></strong></span> <span class='ocrx_word' id='word_1_33' title='bbox 433 988 489 1078; x_wconf 92' lang='lat' dir='ltr'><strong><em>qui</em></strong></span> <span class='ocrx_word' id='word_1_34' title='bbox 511 991 572 1056; x_wconf 80' lang='lat'><strong><em>750</em></strong></span> <span class='ocrx_word' id='word_1_35' title='bbox 592 998 703 1056; x_wconf 87' lang='lat' dir='ltr'><strong><em>servat</em></strong></span> <span class='ocrx_word' id='word_1_36' title='bbox 724 1013 732 1055; x_wconf 79' lang='lat' dir='ltr'><strong><em>r</em></strong></span> <span class='ocrx_word' id='word_1_37' title='bbox 753 989 890 1074; x_wconf 72' lang='lat' dir='ltr'><strong><em>„Mirum</em></strong></span> <span class='ocrx_word' id='word_1_38' title='bbox 919 989 994 1075; x_wconf 80' lang='lat' dir='ltr'><strong><em>quin</em></strong></span> <span class='ocrx_word' id='word_1_39' title='bbox 1022 999 1050 1054; x_wconf 85' lang='lat' dir='ltr'><strong><em>te</em></strong></span> <span class='ocrx_word' id='word_1_40' title='bbox 1077 991 1227 1053; x_wconf 75' lang='lat' dir='ltr'><strong><em>advorsus</em></strong></span> <span class='ocrx_word' id='word_1_41' title='bbox 1256 988 1377 1054; x_wconf 83' lang='lat' dir='ltr'><strong><em>dirot“.</em></strong></span> 
     </span>
     <span class='ocr_line' id='line_1_7' title="bbox 271 1083 1377 1179; baseline 0 -19"><span class='ocrx_word' id='word_1_42' title='bbox 271 1094 395 1176; x_wconf 84' lang='lat' dir='ltr'><strong>Quodsi</strong></span> <span class='ocrx_word' id='word_1_43' title='bbox 417 1117 531 1162; x_wconf 88' lang='lat' dir='ltr'><strong><em>revera</em></strong></span> <span class='ocrx_word' id='word_1_44' title='bbox 552 1119 627 1179; x_wconf 90' lang='lat' dir='ltr'><strong><em>non,</em></strong></span> <span class='ocrx_word' id='word_1_45' title='bbox 649 1105 685 1162; x_wconf 85' lang='lat' dir='ltr'><strong><em>ut</em></strong></span> <span class='ocrx_word' id='word_1_46' title='bbox 705 1105 853 1162; x_wconf 84' lang='lat' dir='ltr'><strong><em>vetustus</em></strong></span> <span class='ocrx_word' id='word_1_47' title='bbox 875 1106 908 1162; x_wconf 90' lang='lat' dir='ltr'><strong><em>at</em></strong></span> <span class='ocrx_word' id='word_1_48' title='bbox 930 1094 1088 1162; x_wconf 78' lang='lat' dir='ltr'><strong>recentior</strong></span> <span class='ocrx_word' id='word_1_49' title='bbox 1116 1095 1236 1164; x_wconf 85' lang='lat' dir='ltr'><strong><em>latinus</em></strong></span> <span class='ocrx_word' id='word_1_50' title='bbox 1254 1083 1377 1160; x_wconf 58' lang='lat' dir='ltr'><strong><em>&#39;sermo</em></strong></span> 
     </span>
     <span class='ocr_line' id='line_1_8' title="bbox 274 1200 1377 1282; baseline 0 -14"><span class='ocrx_word' id='word_1_51' title='bbox 274 1225 374 1268; x_wconf 85' lang='lat' dir='ltr'><strong><em>-ex</em></strong></span> <span class='ocrx_word' id='word_1_52' title='bbox 400 1202 455 1268; x_wconf 82' lang='lat' dir='ltr'><strong><em>fflo</em></strong></span> <span class='ocrx_word' id='word_1_53' title='bbox 483 1202 523 1270; x_wconf 87' lang='lat' dir='ltr'><strong><em>of.</em></strong></span> <span class='ocrx_word' id='word_1_54' title='bbox 552 1225 710 1270; x_wconf 81' lang='lat' dir='ltr'><strong><em>oroorsum</em></strong></span> <span class='ocrx_word' id='word_1_55' title='bbox 736 1206 795 1269; x_wconf 87' lang='lat' dir='ltr'><strong><em>eud</em></strong></span> <span class='ocrx_word' id='word_1_56' title='bbox 819 1201 852 1268; x_wconf 88' lang='lat' dir='ltr'><strong><em>in</em></strong></span> <span class='ocrx_word' id='word_1_57' title='bbox 874 1202 910 1270; x_wconf 78' lang='lat' dir='ltr'><strong><em>S.</em></strong></span> <span class='ocrx_word' id='word_1_58' title='bbox 932 1200 971 1271; x_wconf 83' lang='lat' dir='ltr'><strong><em>O.</em></strong></span> <span class='ocrx_word' id='word_1_59' title='bbox 992 1201 1034 1269; x_wconf 90' lang='lat' dir='ltr'><strong><em>de</em></strong></span> <span class='ocrx_word' id='word_1_60' title='bbox 1055 1202 1193 1282; x_wconf 78' lang='lat' dir='ltr'><strong><em>Baoelu,</em></strong></span> <span class='ocrx_word' id='word_1_61' title='bbox 1221 1202 1377 1268; x_wconf 69' lang='lat' dir='ltr'><strong><em>edomare</em></strong></span> 
     </span>
     <span class='ocr_line' id='line_1_9' title="bbox 269 1309 1376 1399; baseline 0.004 -25"><span class='ocrx_word' id='word_1_62' title='bbox 269 1309 328 1374; x_wconf 79' lang='lat' dir='ltr'><strong><em>iseo</em></strong></span> <span class='ocrx_word' id='word_1_63' title='bbox 349 1309 383 1375; x_wconf 91' lang='lat' dir='ltr'><strong><em>in</em></strong></span> <span class='ocrx_word' id='word_1_64' title='bbox 402 1309 572 1398; x_wconf 81' lang='lat' dir='ltr'><strong><em>plebiscito</em></strong></span> <span class='ocrx_word' id='word_1_65' title='bbox 594 1309 748 1380; x_wconf 72' lang='lat' dir='ltr'><strong><em>Siderum</em></strong></span> <span class='ocrx_word' id='word_1_66' title='bbox 768 1333 821 1399; x_wconf 87' lang='lat' dir='ltr'><strong><em>ap.</em></strong></span> <span class='ocrx_word' id='word_1_67' title='bbox 844 1309 931 1378; x_wconf 80' lang='lat' dir='ltr'><strong><em>Fest</em></strong></span> <span class='ocrx_word' id='word_1_68' title='bbox 953 1333 986 1396; x_wconf 91' lang='lat' dir='ltr'><strong><em>p.</em></strong></span> <span class='ocrx_word' id='word_1_69' title='bbox 1008 1313 1080 1393; x_wconf 78' lang='lat'><strong><em>246,</em></strong></span> <span class='ocrx_word' id='word_1_70' title='bbox 1102 1313 1265 1376; x_wconf 73' lang='lat' dir='ltr'><strong><em>advorsum</em></strong></span> <span class='ocrx_word' id='word_1_71' title='bbox 1284 1311 1321 1378; x_wconf 87' lang='lat' dir='ltr'><strong><em>h.</em></strong></span> <span class='ocrx_word' id='word_1_72' title='bbox 1345 1334 1376 1378; x_wconf 90' lang='lat' dir='ltr'><strong><em>e.</em></strong></span> 
     </span>
     <span class='ocr_line' id='line_1_10' title="bbox 270 1416 1376 1504; baseline 0 -22"><span class='ocrx_word' id='word_1_73' title='bbox 270 1419 430 1484; x_wconf 73' lang='lat' dir='ltr'><strong><em>advorsum</em></strong></span> <span class='ocrx_word' id='word_1_74' title='bbox 459 1419 492 1486; x_wconf 94' lang='lat' dir='ltr'><strong><em>in</em></strong></span> <span class='ocrx_word' id='word_1_75' title='bbox 522 1421 589 1488; x_wconf 82' lang='lat' dir='ltr'><strong><em>tab.</em></strong></span> <span class='ocrx_word' id='word_1_76' title='bbox 611 1419 707 1488; x_wconf 85' lang='lat' dir='ltr'><strong><em>Bant.</em></strong></span> <span class='ocrx_word' id='word_1_77' title='bbox 728 1418 749 1486; x_wconf 96' lang='lat' dir='ltr'><strong><em>l.</em></strong></span> <span class='ocrx_word' id='word_1_78' title='bbox 772 1424 808 1503; x_wconf 89' lang='lat'><strong><em>6,</em></strong></span> <span class='ocrx_word' id='word_1_79' title='bbox 830 1418 982 1486; x_wconf 73' lang='lat' dir='ltr'><strong><em>odvorm</em></strong></span> <span class='ocrx_word' id='word_1_80' title='bbox 1003 1416 1047 1484; x_wconf 91' lang='lat' dir='ltr'><strong><em>ib.</em></strong></span> <span class='ocrx_word' id='word_1_81' title='bbox 1068 1417 1090 1483; x_wconf 89' lang='lat' dir='ltr'><strong><em>l.</em></strong></span> <span class='ocrx_word' id='word_1_82' title='bbox 1114 1420 1152 1484; x_wconf 82' lang='lat'><strong><em>15</em></strong></span> <span class='ocrx_word' id='word_1_83' title='bbox 1174 1453 1216 1468; x_wconf 91' lang='grc'>-</span> <span class='ocrx_word' id='word_1_84' title='bbox 1237 1419 1376 1504; x_wconf 88' lang='lat' dir='ltr'><strong><em>promis-</em></strong></span> 
     </span>
     <span class='ocr_line' id='line_1_11' title="bbox 271 1525 1375 1616; baseline 0.004 -26"><span class='ocrx_word' id='word_1_85' title='bbox 271 1545 332 1590; x_wconf 83' lang='lat' dir='ltr'><strong><em>cue</em></strong></span> <span class='ocrx_word' id='word_1_86' title='bbox 353 1536 492 1616; x_wconf 87' lang='lat' dir='ltr'><strong><em>utraque</em></strong></span> <span class='ocrx_word' id='word_1_87' title='bbox 510 1527 615 1594; x_wconf 83' lang='lat' dir='ltr'><strong><em>forma</em></strong></span> <span class='ocrx_word' id='word_1_88' title='bbox 635 1548 712 1592; x_wconf 88' lang='lat' dir='ltr'><strong><em>usus</em></strong></span> <span class='ocrx_word' id='word_1_89' title='bbox 734 1535 783 1592; x_wconf 91' lang='lat' dir='ltr'><strong><em>est</em></strong></span> <span class='ocrx_word' id='word_1_90' title='bbox 804 1535 899 1612; x_wconf 83' lang='lat' dir='ltr'><strong><em>poeta</em></strong></span> <span class='ocrx_word' id='word_1_91' title='bbox 918 1525 984 1610; x_wconf 93' lang='lat' dir='ltr'><strong><em>(l),</em></strong></span> <span class='ocrx_word' id='word_1_92' title='bbox 1016 1534 1125 1592; x_wconf 72' lang='lat' dir='ltr'><strong><em>mmen</em></strong></span> <span class='ocrx_word' id='word_1_93' title='bbox 1142 1547 1209 1592; x_wconf 85' lang='lat' dir='ltr'><strong><em>uon</em></strong></span> <span class='ocrx_word' id='word_1_94' title='bbox 1230 1525 1375 1594; x_wconf 80' lang='lat' dir='ltr'><strong><em>scribam</em></strong></span> 
     </span>
     <span class='ocr_line' id='line_1_12' title="bbox 272 1632 1375 1716; baseline 0.001 -18"><span class='ocrx_word' id='word_1_95' title='bbox 272 1655 347 1698; x_wconf 85' lang='lat' dir='ltr'><strong><em>eum</em></strong></span> <span class='ocrx_word' id='word_1_96' title='bbox 374 1633 415 1700; x_wconf 88' lang='lat' dir='ltr'><strong><em>R.</em></strong></span> <span class='ocrx_word' id='word_1_97' title='bbox 436 1643 469 1701; x_wconf 87' lang='lat' dir='ltr'><strong><em>et</em></strong></span> <span class='ocrx_word' id='word_1_98' title='bbox 489 1633 600 1702; x_wconf 82' lang='lat' dir='ltr'><strong><em>Fleek.</em></strong></span> <span class='ocrx_word' id='word_1_99' title='bbox 625 1633 699 1700; x_wconf 83' lang='lat' dir='ltr'><strong><em>med</em></strong></span> <span class='ocrx_word' id='word_1_100' title='bbox 725 1634 908 1716; x_wconf 76' lang='lat' dir='ltr'><strong><em>advovwm,</em></strong></span> <span class='ocrx_word' id='word_1_101' title='bbox 936 1633 993 1701; x_wconf 89' lang='lat' dir='ltr'><strong><em>aad</em></strong></span> <span class='ocrx_word' id='word_1_102' title='bbox 1019 1632 1072 1700; x_wconf 83' lang='lat' dir='ltr'><strong><em>vel</em></strong></span> <span class='ocrx_word' id='word_1_103' title='bbox 1097 1655 1144 1700; x_wconf 83' lang='lat' dir='ltr'><strong><em>ms</em></strong></span> <span class='ocrx_word' id='word_1_104' title='bbox 1171 1636 1375 1700; x_wconf 74' lang='lat' dir='ltr'><strong><em>exadvorsum</em></strong></span> 
     </span>
     <span class='ocr_line' id='line_1_13' title="bbox 271 1740 1376 1829; baseline 0.003 -24"><span class='ocrx_word' id='word_1_105' title='bbox 271 1740 401 1826; x_wconf 90' lang='lat' dir='ltr'><strong><em>(eodem</em></strong></span> <span class='ocrx_word' id='word_1_106' title='bbox 432 1751 567 1808; x_wconf 81' lang='lat' dir='ltr'><strong><em>accentu</em></strong></span> <span class='ocrx_word' id='word_1_107' title='bbox 594 1762 660 1829; x_wconf 90' lang='lat' dir='ltr'><strong><em>quo</em></strong></span> <span class='ocrx_word' id='word_1_108' title='bbox 682 1740 757 1806; x_wconf 85' lang='lat' dir='ltr'><strong><em>Ter.</em></strong></span> <span class='ocrx_word' id='word_1_109' title='bbox 780 1740 911 1807; x_wconf 91' lang='lat' dir='ltr'><strong><em>Phorm.</em></strong></span> <span class='ocrx_word' id='word_1_110' title='bbox 934 1741 1002 1824; x_wconf 80' lang='lat'><strong><em>12,</em></strong></span> <span class='ocrx_word' id='word_1_111' title='bbox 1024 1740 1097 1825; x_wconf 84' lang='lat'><strong><em>³7),</em></strong></span> <span class='ocrx_word' id='word_1_112' title='bbox 1127 1741 1182 1808; x_wconf 85' lang='lat' dir='ltr'><strong><em>vel</em></strong></span> <span class='ocrx_word' id='word_1_113' title='bbox 1211 1740 1376 1829; x_wconf 80' lang='lat' dir='ltr'><strong><em>particule</em></strong></span> 
     </span>
     <span class='ocr_line' id='line_1_14' title="bbox 270 1846 824 1933; baseline 0.002 -20"><span class='ocrx_word' id='word_1_114' title='bbox 270 1846 504 1933; x_wconf 87' lang='lat' dir='ltr'><strong><em>interrogative</em></strong></span> <span class='ocrx_word' id='word_1_115' title='bbox 524 1847 567 1914; x_wconf 92' lang='lat' dir='ltr'><strong><em>ad</em></strong></span> <span class='ocrx_word' id='word_1_116' title='bbox 587 1853 674 1914; x_wconf 71' lang='lat' dir='ltr'><strong><em>edom</em></strong></span> <span class='ocrx_word' id='word_1_117' title='bbox 694 1848 795 1916; x_wconf 80' lang='lat' dir='ltr'><strong><em>affixa</em></strong></span> <span class='ocrx_word' id='word_1_118' title='bbox 816 1871 824 1914; x_wconf 77' lang='grc' dir='ltr'>ι</span> 
     </span>
     <span class='ocr_line' id='line_1_15' title="bbox 372 1953 1150 2044; baseline -0.001 -24"><span class='ocrx_word' id='word_1_119' title='bbox 372 1953 518 2020; x_wconf 78' lang='lat' dir='ltr'><strong><em>Etidmns</em></strong></span> <span class='ocrx_word' id='word_1_120' title='bbox 537 1979 586 2022; x_wconf 85' lang='lat' dir='ltr'><strong><em>me</em></strong></span> <span class='ocrx_word' id='word_1_121' title='bbox 607 1954 782 2022; x_wconf 79' lang='lat' dir='ltr'><strong><em>advorsum</em></strong></span> <span class='ocrx_word' id='word_1_122' title='bbox 803 1955 954 2022; x_wconf 76' lang='lat' dir='ltr'><strong><em>exordire</em></strong></span> <span class='ocrx_word' id='word_1_123' title='bbox 975 1954 1150 2044; x_wconf 77' lang='lat' dir='ltr'><strong><em>argutias?</em></strong></span> 
     </span>
     <span class='ocr_line' id='line_1_16' title="bbox 273 2059 1376 2152; baseline 0 -24"><span class='ocrx_word' id='word_1_124' title='bbox 273 2059 358 2128; x_wconf 87' lang='lat' dir='ltr'><strong><em>Nam</em></strong></span> <span class='ocrx_word' id='word_1_125' title='bbox 378 2084 444 2129; x_wconf 91' lang='lat' dir='ltr'><strong><em>nen</em></strong></span> <span class='ocrx_word' id='word_1_126' title='bbox 472 2071 599 2128; x_wconf 86' lang='lat' dir='ltr'><strong><em>tantum</em></strong></span> <span class='ocrx_word' id='word_1_127' title='bbox 627 2062 661 2128; x_wconf 91' lang='lat' dir='ltr'><strong><em>in</em></strong></span> <span class='ocrx_word' id='word_1_128' title='bbox 689 2063 735 2129; x_wconf 90' lang='lat' dir='ltr'><strong><em>eis</em></strong></span> <span class='ocrx_word' id='word_1_129' title='bbox 763 2061 1084 2152; x_wconf 74' lang='lat' dir='ltr'><strong><em>interrogationibus,</em></strong></span> <span class='ocrx_word' id='word_1_130' title='bbox 1116 2083 1199 2152; x_wconf 86' lang='lat' dir='ltr'><strong><em>quae</em></strong></span> <span class='ocrx_word' id='word_1_131' title='bbox 1226 2062 1376 2150; x_wconf 77' lang='lat' dir='ltr'><strong><em>graviter</em></strong></span> 
     </span>
     <span class='ocr_line' id='line_1_17' title="bbox 274 2169 1376 2258; baseline 0 -22"><span class='ocrx_word' id='word_1_132' title='bbox 274 2169 474 2238; x_wconf 88' lang='lat' dir='ltr'><strong><em>monentium</em></strong></span> <span class='ocrx_word' id='word_1_133' title='bbox 495 2180 571 2238; x_wconf 89' lang='lat' dir='ltr'><strong><em>sunt</em></strong></span> <span class='ocrx_word' id='word_1_134' title='bbox 577 2219 587 2254; x_wconf 93' lang='lat'><strong><em>,</em></strong></span> <span class='ocrx_word' id='word_1_135' title='bbox 616 2170 756 2238; x_wconf 75' lang='lat' dir='ltr'><strong><em>admittit</em></strong></span> <span class='ocrx_word' id='word_1_136' title='bbox 777 2176 862 2236; x_wconf 75' lang='lat' dir='ltr'><strong><em>edam</em></strong></span> <span class='ocrx_word' id='word_1_137' title='bbox 884 2169 1014 2258; x_wconf 81' lang='lat' dir='ltr'><strong><em>signum</em></strong></span> <span class='ocrx_word' id='word_1_138' title='bbox 1034 2169 1315 2257; x_wconf 81' lang='lat' dir='ltr'><strong><em>interrogationis,</em></strong></span> <span class='ocrx_word' id='word_1_139' title='bbox 1338 2181 1376 2237; x_wconf 89' lang='lat' dir='ltr'><strong><em>ut</em></strong></span> 
     </span>
     <span class='ocr_line' id='line_1_18' title="bbox 275 2275 1375 2376; baseline 0.002 -33"><span class='ocrx_word' id='word_1_140' title='bbox 275 2278 376 2344; x_wconf 88' lang='lat' dir='ltr'><strong><em>Poen.</em></strong></span> <span class='ocrx_word' id='word_1_141' title='bbox 396 2279 424 2361; x_wconf 94' lang='lat' dir='ltr'><strong><em>I,</em></strong></span> <span class='ocrx_word' id='word_1_142' title='bbox 446 2285 465 2343; x_wconf 89' lang='lat'><strong>3</strong></span> <span class='ocrx_word' id='word_1_143' title='bbox 486 2284 525 2344; x_wconf 90' lang='grc'><strong><em>22</em></strong></span> <span class='ocrx_word' id='word_1_144' title='bbox 548 2277 711 2364; x_wconf 76' lang='lat' dir='ltr'><strong><em>,Etiomm</em></strong></span> <span class='ocrx_word' id='word_1_145' title='bbox 737 2277 864 2362; x_wconf 78' lang='lat' dir='ltr'><strong><em>obis?“,</em></strong></span> <span class='ocrx_word' id='word_1_146' title='bbox 894 2276 951 2344; x_wconf 88' lang='lat' dir='ltr'><strong><em>sad</em></strong></span> <span class='ocrx_word' id='word_1_147' title='bbox 979 2275 1013 2344; x_wconf 93' lang='lat' dir='ltr'><strong><em>in</em></strong></span> <span class='ocrx_word' id='word_1_148' title='bbox 1040 2276 1086 2344; x_wconf 88' lang='lat' dir='ltr'><strong><em>eis</em></strong></span> <span class='ocrx_word' id='word_1_149' title='bbox 1108 2299 1255 2366; x_wconf 89' lang='lat' dir='ltr'><strong><em>quoque,</em></strong></span> <span class='ocrx_word' id='word_1_150' title='bbox 1288 2301 1375 2376; x_wconf 66' lang='lat' dir='ltr'><strong><em>quae</em></strong></span> 
     </span>
     <span class='ocr_line' id='line_1_19' title="bbox 276 2384 1314 2474; baseline 0 -24"><span class='ocrx_word' id='word_1_151' title='bbox 276 2384 519 2453; x_wconf 84' lang='lat' dir='ltr'><strong><em>admirationem</em></strong></span> <span class='ocrx_word' id='word_1_152' title='bbox 542 2395 575 2452; x_wconf 88' lang='lat' dir='ltr'><strong><em>et</em></strong></span> <span class='ocrx_word' id='word_1_153' title='bbox 594 2385 852 2474; x_wconf 83' lang='lat' dir='ltr'><strong><em>indignationem</em></strong></span> <span class='ocrx_word' id='word_1_154' title='bbox 871 2385 1025 2467; x_wconf 82' lang='lat' dir='ltr'><strong><em>indicant,</em></strong></span> <span class='ocrx_word' id='word_1_155' title='bbox 1047 2395 1084 2453; x_wconf 89' lang='lat' dir='ltr'><strong><em>ut</em></strong></span> <span class='ocrx_word' id='word_1_156' title='bbox 1104 2384 1202 2453; x_wconf 84' lang='lat' dir='ltr'><strong><em>Most.</em></strong></span> <span class='ocrx_word' id='word_1_157' title='bbox 1225 2387 1314 2451; x_wconf 76' lang='lat'><strong>520:</strong></span> 
     </span>
     <span class='ocr_line' id='line_1_20' title="bbox 339 2479 1265 2581; baseline -0.003 -21"><span class='ocrx_word' id='word_1_158' title='bbox 339 2492 406 2560; x_wconf 86' lang='lat' dir='ltr'><strong><em>Sed</em></strong></span> <span class='ocrx_word' id='word_1_159' title='bbox 426 2503 463 2559; x_wconf 91' lang='lat' dir='ltr'><strong><em>tu</em></strong></span> <span class='ocrx_word' id='word_1_160' title='bbox 484 2492 620 2560; x_wconf 75' lang='lat' dir='ltr'><strong><em>etiamne</em></strong></span> <span class='ocrx_word' id='word_1_161' title='bbox 641 2502 727 2562; x_wconf 86' lang='lat' dir='ltr'><strong><em>astas</em></strong></span> <span class='ocrx_word' id='word_1_162' title='bbox 748 2479 808 2560; x_wconf 72' lang='lat' dir='ltr'><strong><em>ndo</em></strong></span> <span class='ocrx_word' id='word_1_163' title='bbox 830 2515 914 2581; x_wconf 85' lang='lat' dir='ltr'><strong><em>quse</em></strong></span> <span class='ocrx_word' id='word_1_164' title='bbox 935 2492 1006 2560; x_wconf 90' lang='lat' dir='ltr'><strong><em>dieo</em></strong></span> <span class='ocrx_word' id='word_1_165' title='bbox 1029 2493 1265 2580; x_wconf 73' lang='lat' dir='ltr'><strong><em>obtemperas?</em></strong></span> 
     </span>
     <span class='ocr_line' id='line_1_21' title="bbox 277 2597 1373 2689; baseline 0.001 -24"><span class='ocrx_word' id='word_1_166' title='bbox 277 2597 395 2687; x_wconf 88' lang='lat' dir='ltr'><strong><em>Neque</em></strong></span> <span class='ocrx_word' id='word_1_167' title='bbox 415 2609 503 2666; x_wconf 82' lang='lat' dir='ltr'><strong><em>reate</em></strong></span> <span class='ocrx_word' id='word_1_168' title='bbox 525 2600 629 2686; x_wconf 82' lang='lat' dir='ltr'><strong><em>agisse</em></strong></span> <span class='ocrx_word' id='word_1_169' title='bbox 651 2600 863 2668; x_wconf 87' lang='lat' dir='ltr'><strong><em>Ritsehelium</em></strong></span> <span class='ocrx_word' id='word_1_170' title='bbox 885 2599 1036 2680; x_wconf 85' lang='lat' dir='ltr'><strong><em>dixerim,</em></strong></span> <span class='ocrx_word' id='word_1_171' title='bbox 1063 2600 1151 2689; x_wconf 89' lang='lat' dir='ltr'><strong><em>quod</em></strong></span> <span class='ocrx_word' id='word_1_172' title='bbox 1172 2600 1291 2668; x_wconf 89' lang='lat' dir='ltr'><strong><em>Pseud.</em></strong></span> <span class='ocrx_word' id='word_1_173' title='bbox 1313 2607 1373 2667; x_wconf 87' lang='grc'><strong><em>371</em></strong></span> 
     </span>
     <span class='ocr_line' id='line_1_22' title="bbox 277 2705 1132 2795; baseline -0.002 -22"><span class='ocrx_word' id='word_1_174' title='bbox 277 2720 335 2791; x_wconf 82' lang='lat' dir='ltr'><strong><em>tou,</em></strong></span> <span class='ocrx_word' id='word_1_175' title='bbox 358 2706 445 2795; x_wconf 92' lang='lat' dir='ltr'><strong><em>quod</em></strong></span> <span class='ocrx_word' id='word_1_176' title='bbox 466 2708 499 2772; x_wconf 91' lang='lat' dir='ltr'>A</span> <span class='ocrx_word' id='word_1_177' title='bbox 519 2707 654 2795; x_wconf 89' lang='lat' dir='ltr'><strong><em>praebet</em></strong></span> <span class='ocrx_word' id='word_1_178' title='bbox 672 2707 716 2794; x_wconf 82' lang='lat' dir='ltr'><strong><em>(ts</em></strong></span> <span class='ocrx_word' id='word_1_179' title='bbox 736 2706 820 2792; x_wconf 87' lang='lat' dir='ltr'><strong><em>rell.)</em></strong></span> <span class='ocrx_word' id='word_1_180' title='bbox 839 2705 874 2772; x_wconf 94' lang='lat' dir='ltr'><strong><em>in</em></strong></span> <span class='ocrx_word' id='word_1_181' title='bbox 894 2707 946 2773; x_wconf 87' lang='lat' dir='ltr'><strong><em>ted</em></strong></span> <span class='ocrx_word' id='word_1_182' title='bbox 966 2707 1104 2773; x_wconf 84' lang='lat' dir='ltr'><strong><em>mutavit</em></strong></span> <span class='ocrx_word' id='word_1_183' title='bbox 1124 2729 1132 2770; x_wconf 80' lang='grc' dir='ltr'>ι</span> 
     </span>
     <span class='ocr_line' id='line_1_23' title="bbox 346 2813 1313 2902; baseline 0.001 -21"><span class='ocrx_word' id='word_1_184' title='bbox 346 2817 409 2884; x_wconf 71' lang='lat' dir='ltr'><strong><em>Tea</em></strong></span> <span class='ocrx_word' id='word_1_185' title='bbox 430 2824 607 2882; x_wconf 87' lang='lat' dir='ltr'><strong><em>amatorem</em></strong></span> <span class='ocrx_word' id='word_1_186' title='bbox 628 2817 697 2884; x_wconf 78' lang='lat' dir='ltr'><strong><em>esse</em></strong></span> <span class='ocrx_word' id='word_1_187' title='bbox 718 2815 885 2884; x_wconf 86' lang='lat' dir='ltr'><strong><em>inventum</em></strong></span> <span class='ocrx_word' id='word_1_188' title='bbox 912 2813 1043 2882; x_wconf 73' lang='lat' dir='ltr'><strong><em>inanem</em></strong></span> <span class='ocrx_word' id='word_1_189' title='bbox 1070 2816 1164 2902; x_wconf 79' lang='lat' dir='ltr'><strong><em>quasi</em></strong></span> <span class='ocrx_word' id='word_1_190' title='bbox 1190 2817 1313 2882; x_wconf 76' lang='lat' dir='ltr'><strong><em>oassdm</em></strong></span> 
     </span>
     <span class='ocr_line' id='line_1_24' title="bbox 1072 2944 1198 2990; baseline 0 -2"><span class='ocrx_word' id='word_1_191' title='bbox 1072 2944 1198 2990; x_wconf 88' lang='lat' dir='ltr'><strong><em>nucem.</em></strong></span> 
     </span>
     <span class='ocr_line' id='line_1_25' title="bbox 249 3029 1377 3120; baseline 0.001 -25"><span class='ocrx_word' id='word_1_192' title='bbox 249 3035 254 3043; x_wconf 83' lang='lat'>‘</span> <span class='ocrx_word' id='word_1_193' title='bbox 278 3029 468 3116; x_wconf 87' lang='lat' dir='ltr'><strong><em>Respondet</em></strong></span> <span class='ocrx_word' id='word_1_194' title='bbox 489 3031 550 3096; x_wconf 89' lang='lat' dir='ltr'><strong><em>hoo</em></strong></span> <span class='ocrx_word' id='word_1_195' title='bbox 570 3033 657 3116; x_wconf 89' lang='lat' dir='ltr'><strong><em>leno,</em></strong></span> <span class='ocrx_word' id='word_1_196' title='bbox 684 3033 741 3120; x_wconf 88' lang='lat' dir='ltr'><strong><em>qui</em></strong></span> <span class='ocrx_word' id='word_1_197' title='bbox 761 3031 855 3098; x_wconf 84' lang='lat' dir='ltr'><strong><em>faoile</em></strong></span> <span class='ocrx_word' id='word_1_198' title='bbox 876 3052 988 3100; x_wconf 88' lang='lat' dir='ltr'><strong><em>omues</em></strong></span> <span class='ocrx_word' id='word_1_199' title='bbox 1010 3030 1153 3118; x_wconf 85' lang='lat' dir='ltr'><strong><em>collegas</em></strong></span> <span class='ocrx_word' id='word_1_200' title='bbox 1175 3053 1269 3098; x_wconf 86' lang='lat' dir='ltr'><strong><em>sooeo</em></strong></span> <span class='ocrx_word' id='word_1_201' title='bbox 1290 3030 1377 3097; x_wconf 79' lang='lat' dir='ltr'><strong><em>inoe-</em></strong></span> 
     </span>
     <span class='ocr_line' id='line_1_26' title="bbox 278 3135 1377 3226; baseline 0.006 -27"><span class='ocrx_word' id='word_1_202' title='bbox 278 3135 393 3202; x_wconf 90' lang='lat' dir='ltr'><strong><em>dentes</em></strong></span> <span class='ocrx_word' id='word_1_203' title='bbox 419 3157 475 3202; x_wconf 89' lang='lat' dir='ltr'><strong><em>ore</em></strong></span> <span class='ocrx_word' id='word_1_204' title='bbox 499 3137 605 3204; x_wconf 84' lang='lat' dir='ltr'><strong><em>ferreo</em></strong></span> <span class='ocrx_word' id='word_1_205' title='bbox 634 3139 752 3220; x_wconf 87' lang='lat' dir='ltr'><strong><em>vineit,</em></strong></span> <span class='ocrx_word' id='word_1_206' title='bbox 778 3137 893 3224; x_wconf 88' lang='lat' dir='ltr'><strong><em>juveni</em></strong></span> <span class='ocrx_word' id='word_1_207' title='bbox 922 3138 962 3203; x_wconf 91' lang='lat' dir='ltr'><strong><em>ab</em></strong></span> <span class='ocrx_word' id='word_1_208' title='bbox 985 3137 1056 3224; x_wconf 91' lang='lat' dir='ltr'><strong><em>ipso</em></strong></span> <span class='ocrx_word' id='word_1_209' title='bbox 1077 3137 1223 3225; x_wconf 84' lang='lat' dir='ltr'><strong><em>decepto,</em></strong></span> <span class='ocrx_word' id='word_1_210' title='bbox 1246 3139 1302 3226; x_wconf 90' lang='lat' dir='ltr'><strong><em>qui</em></strong></span> <span class='ocrx_word' id='word_1_211' title='bbox 1322 3160 1377 3206; x_wconf 84' lang='lat' dir='ltr'><strong><em>ex-</em></strong></span> 
     </span>
     <span class='ocr_line' id='line_1_27' title="bbox 278 3242 1376 3332; baseline 0.004 -24"><span class='ocrx_word' id='word_1_212' title='bbox 278 3243 393 3309; x_wconf 88' lang='lat' dir='ltr'><strong><em>hausta</em></strong></span> <span class='ocrx_word' id='word_1_213' title='bbox 412 3242 672 3330; x_wconf 85' lang='lat' dir='ltr'><strong><em>turpissimorum</em></strong></span> <span class='ocrx_word' id='word_1_214' title='bbox 694 3243 912 3310; x_wconf 80' lang='lat' dir='ltr'><strong><em>conviciorum</em></strong></span> <span class='ocrx_word' id='word_1_215' title='bbox 933 3244 1028 3332; x_wconf 87' lang='lat' dir='ltr'><strong><em>eopia</em></strong></span> <span class='ocrx_word' id='word_1_216' title='bbox 1054 3245 1151 3311; x_wconf 91' lang='lat' dir='ltr'><strong><em>finem</em></strong></span> <span class='ocrx_word' id='word_1_217' title='bbox 1178 3245 1256 3314; x_wconf 86' lang='lat' dir='ltr'><strong><em>faeit</em></strong></span> <span class='ocrx_word' id='word_1_218' title='bbox 1280 3247 1376 3314; x_wconf 90' lang='lat' dir='ltr'><strong><em>inter-</em></strong></span> 
     </span>
     <span class='ocr_line' id='line_1_28' title="bbox 279 3343 1378 3442; baseline 0.002 -22"><span class='ocrx_word' id='word_1_219' title='bbox 279 3351 425 3440; x_wconf 86' lang='lat' dir='ltr'><strong><em>rogando</em></strong></span> <span class='ocrx_word' id='word_1_220' title='bbox 449 3375 456 3417; x_wconf 91' lang='lat'><strong>:</strong></span> <span class='ocrx_word' id='word_1_221' title='bbox 480 3351 624 3438; x_wconf 76' lang='lat' dir='ltr'><strong><em>,Ecquid</em></strong></span> <span class='ocrx_word' id='word_1_222' title='bbox 641 3365 669 3418; x_wconf 86' lang='lat' dir='ltr'><strong><em>te</em></strong></span> <span class='ocrx_word' id='word_1_223' title='bbox 687 3352 806 3438; x_wconf 78' lang='lat' dir='ltr'><strong><em>pudsr“.</em></strong></span> <span class='ocrx_word' id='word_1_224' title='bbox 849 3353 894 3418; x_wconf 79' lang='lat' dir='ltr'><strong><em>At</em></strong></span> <span class='ocrx_word' id='word_1_225' title='bbox 922 3343 1000 3420; x_wconf 87' lang='lat' dir='ltr'><strong><em>sane</em></strong></span> <span class='ocrx_word' id='word_1_226' title='bbox 1020 3375 1085 3420; x_wconf 87' lang='lat' dir='ltr'><strong><em>non</em></strong></span> <span class='ocrx_word' id='word_1_227' title='bbox 1108 3364 1157 3420; x_wconf 87' lang='lat' dir='ltr'><strong><em>est</em></strong></span> <span class='ocrx_word' id='word_1_228' title='bbox 1178 3377 1235 3421; x_wconf 91' lang='lat' dir='ltr'><strong><em>our</em></strong></span> <span class='ocrx_word' id='word_1_229' title='bbox 1256 3353 1378 3442; x_wconf 86' lang='lat' dir='ltr'><strong><em>pudeat</em></strong></span> 
     </span>
     <span class='ocr_line' id='line_1_29' title="bbox 279 3459 1377 3552; baseline 0.003 -27"><span class='ocrx_word' id='word_1_230' title='bbox 279 3460 441 3528; x_wconf 87' lang='lat' dir='ltr'><strong><em>hominem</em></strong></span> <span class='ocrx_word' id='word_1_231' title='bbox 462 3461 625 3548; x_wconf 87' lang='lat' dir='ltr'><strong><em>impurum</em></strong></span> <span class='ocrx_word' id='word_1_232' title='bbox 646 3459 798 3526; x_wconf 89' lang='lat' dir='ltr'><strong><em>amatoris</em></strong></span> <span class='ocrx_word' id='word_1_233' title='bbox 819 3460 958 3526; x_wconf 91' lang='lat' dir='ltr'><strong><em>nummis</em></strong></span> <span class='ocrx_word' id='word_1_234' title='bbox 979 3459 1141 3546; x_wconf 71' lang='lat' dir='ltr'><strong><em>destituti,</em></strong></span> <span class='ocrx_word' id='word_1_235' title='bbox 1164 3461 1377 3552; x_wconf 87' lang='lat' dir='ltr'><strong><em>nequeenim</em></strong></span> 
     </span>
     <span class='ocr_line' id='line_1_30' title="bbox 280 3567 1377 3659; baseline 0.003 -25"><span class='ocrx_word' id='word_1_236' title='bbox 280 3578 412 3657; x_wconf 88' lang='lat' dir='ltr'><strong><em>propter</em></strong></span> <span class='ocrx_word' id='word_1_237' title='bbox 433 3590 506 3635; x_wconf 89' lang='lat' dir='ltr'><strong><em>eum</em></strong></span> <span class='ocrx_word' id='word_1_238' title='bbox 529 3568 683 3636; x_wconf 88' lang='lat' dir='ltr'><strong><em>damnum</em></strong></span> <span class='ocrx_word' id='word_1_239' title='bbox 700 3569 779 3636; x_wconf 85' lang='lat' dir='ltr'><strong><em>feeit</em></strong></span> <span class='ocrx_word' id='word_1_240' title='bbox 793 3577 850 3636; x_wconf 92' lang='lat' dir='ltr'><strong><em>aut</em></strong></span> <span class='ocrx_word' id='word_1_241' title='bbox 863 3578 977 3636; x_wconf 85' lang='lat' dir='ltr'><strong><em>contra</em></strong></span> <span class='ocrx_word' id='word_1_242' title='bbox 990 3567 1194 3658; x_wconf 88' lang='lat' dir='ltr'><strong><em>prudentiam</em></strong></span> <span class='ocrx_word' id='word_1_243' title='bbox 1208 3572 1354 3659; x_wconf 80' lang='lat' dir='ltr'><strong><em>peccauit</em></strong></span> <span class='ocrx_word' id='word_1_244' title='bbox 1369 3596 1377 3637; x_wconf 86' lang='grc' dir='ltr'>ι</span> 
     </span>
     <span class='ocr_line' id='line_1_31' title="bbox 251 3674 1377 3764; baseline 0.006 -24"><span class='ocrx_word' id='word_1_245' title='bbox 251 3731 265 3758; x_wconf 75' lang='grc'>,</span> <span class='ocrx_word' id='word_1_246' title='bbox 279 3677 393 3763; x_wconf 83' lang='lat' dir='ltr'><strong><em>pigere</em></strong></span> <span class='ocrx_word' id='word_1_247' title='bbox 415 3697 488 3743; x_wconf 91' lang='lat' dir='ltr'><strong><em>eum</em></strong></span> <span class='ocrx_word' id='word_1_248' title='bbox 508 3674 611 3763; x_wconf 89' lang='lat' dir='ltr'><strong><em>possit</em></strong></span> <span class='ocrx_word' id='word_1_249' title='bbox 631 3677 787 3764; x_wconf 87' lang='lat' dir='ltr'><strong><em>temporis</em></strong></span> <span class='ocrx_word' id='word_1_250' title='bbox 807 3677 928 3744; x_wconf 80' lang='lat' dir='ltr'><strong><em>frustra</em></strong></span> <span class='ocrx_word' id='word_1_251' title='bbox 949 3675 1079 3764; x_wconf 81' lang='lat' dir='ltr'><strong><em>agendo</em></strong></span> <span class='ocrx_word' id='word_1_252' title='bbox 1104 3679 1272 3746; x_wconf 83' lang='lat' dir='ltr'><strong><em>consumti.</em></strong></span> <span class='ocrx_word' id='word_1_253' title='bbox 1313 3680 1377 3747; x_wconf 86' lang='lat' dir='ltr'><strong><em>Its-</em></strong></span> 
     </span>
     <span class='ocr_line' id='line_1_32' title="bbox 281 3783 1376 3874; baseline 0.004 -24"><span class='ocrx_word' id='word_1_254' title='bbox 281 3804 345 3870; x_wconf 88' lang='lat' dir='ltr'><strong><em>que</em></strong></span> <span class='ocrx_word' id='word_1_255' title='bbox 358 3805 400 3850; x_wconf 92' lang='lat' dir='ltr'><strong><em>ne</em></strong></span> <span class='ocrx_word' id='word_1_256' title='bbox 413 3783 492 3850; x_wconf 90' lang='lat' dir='ltr'><strong><em>illud</em></strong></span> <span class='ocrx_word' id='word_1_257' title='bbox 506 3783 636 3873; x_wconf 88' lang='lat' dir='ltr'><strong><em>quidem</em></strong></span> <span class='ocrx_word' id='word_1_258' title='bbox 651 3795 756 3868; x_wconf 85' lang='lat' dir='ltr'><strong><em>teneo,</em></strong></span> <span class='ocrx_word' id='word_1_259' title='bbox 778 3783 811 3853; x_wconf 87' lang='lat' dir='ltr'><strong><em>iu</em></strong></span> <span class='ocrx_word' id='word_1_260' title='bbox 825 3784 912 3872; x_wconf 90' lang='lat' dir='ltr'><strong><em>quod</em></strong></span> <span class='ocrx_word' id='word_1_261' title='bbox 926 3783 1017 3862; x_wconf 82' lang='lat' dir='ltr'><strong><em>initio</em></strong></span> <span class='ocrx_word' id='word_1_262' title='bbox 1030 3783 1137 3871; x_wconf 84' lang='lat' dir='ltr'><strong><em>incidi,</em></strong></span> <span class='ocrx_word' id='word_1_263' title='bbox 1159 3796 1195 3854; x_wconf 89' lang='lat' dir='ltr'><strong><em>ut</em></strong></span> <span class='ocrx_word' id='word_1_264' title='bbox 1213 3786 1353 3874; x_wconf 86' lang='lat' dir='ltr'><strong><em>legerem</em></strong></span> <span class='ocrx_word' id='word_1_265' title='bbox 1368 3811 1376 3854; x_wconf 84' lang='lat' dir='ltr'><strong><em>z</em></strong></span> 
     </span>
    </p>
   </div>
   <div class='ocr_carea' id='block_1_3' title="bbox 283 4139 1374 4295">
    <p class='ocr_par' dir='ltr' id='par_1_3' title="bbox 283 4139 1374 4295">
     <span class='ocr_line' id='line_1_33' title="bbox 350 4139 1374 4214; baseline 0.009 -23"><span class='ocrx_word' id='word_1_266' title='bbox 350 4139 388 4209; x_wconf 87' lang='lat'><strong><em>(1)</em></strong></span> <span class='ocrx_word' id='word_1_267' title='bbox 404 4140 560 4194; x_wconf 76' lang='lat' dir='ltr'><strong><em>Differentia</em></strong></span> <span class='ocrx_word' id='word_1_268' title='bbox 576 4157 655 4208; x_wconf 83' lang='lat' dir='ltr'><strong><em>quam</em></strong></span> <span class='ocrx_word' id='word_1_269' title='bbox 672 4144 749 4196; x_wconf 76' lang='lat' dir='ltr'><strong><em>affert</em></strong></span> <span class='ocrx_word' id='word_1_270' title='bbox 764 4145 906 4212; x_wconf 73' lang='lat' dir='ltr'><strong><em>Agroetius</em></strong></span> <span class='ocrx_word' id='word_1_271' title='bbox 923 4163 949 4214; x_wconf 87' lang='lat' dir='ltr'><strong><em>p.</em></strong></span> <span class='ocrx_word' id='word_1_272' title='bbox 968 4150 1034 4200; x_wconf 78' lang='grc'><strong>2267</strong></span> <span class='ocrx_word' id='word_1_273' title='bbox 1054 4145 1214 4201; x_wconf 63' lang='lat' dir='ltr'><strong><em>‚Ausum</em></strong></span> <span class='ocrx_word' id='word_1_274' title='bbox 1231 4157 1262 4210; x_wconf 80' lang='lat' dir='ltr'><strong><em>ta,</em></strong></span> <span class='ocrx_word' id='word_1_275' title='bbox 1285 4145 1374 4200; x_wconf 67' lang='lat' dir='ltr'><strong><em>udow-</em></strong></span> 
     </span>
     <span class='ocr_line' id='line_1_34' title="bbox 283 4228 965 4295; baseline 0 -13"><span class='ocrx_word' id='word_1_276' title='bbox 283 4230 383 4295; x_wconf 64' lang='lat' dir='ltr'><strong><em>rors&#39;un</em></strong></span> <span class='ocrx_word' id='word_1_277' title='bbox 400 4229 517 4284; x_wconf 70' lang='lat' dir='ltr'><strong><em>odem</em></strong></span> <span class='ocrx_word' id='word_1_278' title='bbox 529 4237 560 4294; x_wconf 83' lang='lat' dir='ltr'><strong><em>te,</em></strong></span> <span class='ocrx_word' id='word_1_279' title='bbox 578 4230 705 4284; x_wconf 63' lang='lat' dir='ltr'><strong><em>musa«</em></strong></span> <span class='ocrx_word' id='word_1_280' title='bbox 725 4257 756 4270; x_wconf 86' lang='lat'><strong><em>-·</em></strong></span> <span class='ocrx_word' id='word_1_281' title='bbox 775 4228 837 4283; x_wconf 80' lang='lat' dir='ltr'><strong><em>fleto</em></strong></span> <span class='ocrx_word' id='word_1_282' title='bbox 852 4229 965 4285; x_wconf 75' lang='lat' dir='ltr'><strong><em>videtur.</em></strong></span> 
     </span>
    </p>
   </div>
   <div class='ocr_carea' id='block_1_4' title="bbox 0 0 1487 4870">
    <p class='ocr_par' dir='ltr' id='par_1_4' title="bbox 0 0 1487 4870">
     <span class='ocr_line' id='line_1_35' title="bbox 0 0 1487 4870; baseline 0 0"><span class='ocrx_word' id='word_1_283' title='bbox 0 0 1487 4870; x_wconf 95' lang='lat' dir='ltr'><strong><em> </em></strong></span> 
     </span>
    </p>
   </div>
  </div>
 </body>
</html>
