2946 4870
256 405 299 470 60

256 599 378 665 eampse·
401 585 502 641 omen
523 572 659 640 addebat
684 571 844 658 „Vim
860 571 1030 638 nutus.““
1074 571 1185 638 Potsias
1207 569 1380 636 diceret

254 711 316 755 nen
344 707 409 752 esse
433 705 582 770 aequans,
613 684 685 768 quia
704 703 765 746 aon
794 692 870 746 meet
896 681 983 746 ueto
1003 703 1047 746 res
1042 680 1224 766 publicae,
1263 702 1378 766 quam,

255 817 342 884 quem
367 815 426 858 uon
455 791 561 856 wem
582 787 721 865 diceret,
753 810 817 853 esse
846 809 978 874 ceptam
996 786 1237 874 fateretur).
1298 785 1379 851 Ls'u.

255 901 358 970 XLV
373 902 419 966 37
438 895 527 982 (Ser.
549 897 670 983 quedem
692 893 858 960 Galba..
880 918 977 960 ‚nou
996 893 1181 981 triumphum
1201 893 1381 980 impedire

254 1011 364 1088 debuit,
387 1009 443 1076 sed
455 1019 578 1094 postem
599 1005 651 1071 ds'e
671 1025 760 1091 msam
781 1002 997 1088 intepentem
1012 1014 1065 1082 est,
1084 1002 1248 1088 privatum
1273 1023 1381 1089 quom

255 1141 324 1186 mam
343 1122 464 1182 uisam
486 1125 576 1192 esset,
607 1135 714 1178 nemea
733 1110 909 1198 deferret
938 1122 966 1176 et
993 1112 1109 1198 lepidus
1134 1114 1379 1197 interrepe-

254 1235 314 1291 νοΐ
350 1219 419 1312 [sed
454 1221 487 1286 h.
518 1220 540 1286 l.
572 1227 685 1284 contre
707 1216 900 1304 Sigonium,
934 1217 991 1302 qui
1017 1216 1193 1284 infinitivos
1221 1215 1379 1303 dseferre,

255 1333 452 1418 intempore
473 1325 651 1415 pendentes
680 1328 817 1391 edebant
836 1323 994 1408 restituit,
1025 1325 1180 1390 Dukerus
1206 1325 1378 1411 conjunc

257 1437 343 1506 tivos
365 1434 544 1504 defendens
564 1433 687 1500 nullum
709 1455 751 1500 ex
764 1431 860 1498 Livio
880 1434 1064 1520 exemplum
1084 1429 1230 1520 attulit]).
1265 1435 1376 1520 Prep.

256 1545 399 1632 mv)
423 1548 458 1626 7,
480 1543 526 1610 29
561 1539 618 1627 (Si
641 1545 740 1630 piguit
766 1552 873 1626 portos
906 1543 987 1606 ultro
1008 1543 1193 1627 procedere,
1225 1552 1263 1606 ot
1289 1541 1374 1607 illuc

257 1653 418 1722 laesisses
445 1653 551 1718 iecmm
576 1649 689 1716 metm
716 1653 761 1714 ire
787 1649 913 1734 mmm).
967 1647 1037 1714 Ter.
1058 1647 1158 1714 Andr.
1180 1646 1239 1714 IV
1255 1649 1299 1727 4,
1321 1650 1372 1712 54

255 1759 348 1846 (Alo
363 1771 456 1848 pneto
477 1758 553 1824 tam
575 1768 696 1844 poterat
706 1756 789 1843 fieri
806 1755 846 1822 Ut
861 1761 951 1822 sciret
969 1759 1042 1822 daec
1062 1777 1144 1842 quae
1162 1756 1372 1824 voluimus.-

256 1866 552 1950 Proeds'csres.)
573 1863 706 1931 HecII
723 1867 753 1949 1,
764 1865 820 1930 33.
865 1864 956 1943 Quae
976 1865 1026 1930 dic
1046 1877 1141 1947 mant,
1163 1866 1369 1950 ceros-es).

256 1973 405 2040 Jussa'uos
426 1985 468 2039 est
488 1975 614 2052 modom
633 1975 736 2060 itaque
755 1978 788 2038 ia
808 1974 947 2059 sapaudo
968 1971 1082 2038 dicitm
1101 1995 1155 2055 us,
1173 1984 1207 2036 ue
1227 1971 1276 2037 ad
1296 1974 1367 2038 Aa.

259 2079 301 2148 ΙΙ
324 2081 353 2160 i,
372 2083 395 2148 3
417 2079 478 2166 (nt
498 2085 638 2168 queniam
658 2093 686 2146 ts
705 2104 798 2167 quom
818 2085 934 2165 accipio
954 2091 1018 2146 tum
1038 2103 1088 2145 res
1101 2104 1188 2145 meae
1204 2081 1365 2158 delectant,

259 2187 373 2256 edem
396 2209 436 2256 ec
458 2189 546 2256 libris
562 2189 732 2276 perspicies
754 2200 782 2254 st
800 2209 878 2273 quoe
897 2193 1045 2276 passeriae
1066 2197 1094 2252 st
1112 2209 1192 2274 quaa
1212 2189 1366 2265 dederim

259 2307 313 2364 out
332 2319 378 2364 ae
395 2301 672 2384 poposcissea;
700 2319 753 2382 eqo
784 2295 868 2362 euim
894 2295 951 2362 aee·
971 2319 1024 2361 ,me
1043 2318 1102 2362 non
1121 2295 1306 2380 offerebam)
1327 2297 1364 2360 s'n

269 2403 354 2472 Vm.
375 2402 443 2470 111
457 2404 515 2482 eu,
538 2405 603 2471 soe
624 2403 723 2491 (quta
735 2402 853 2490 fasee
874 2401 1034 2471 donee?
1055 2451 1111 2471 ...
1133 2408 1189 2486 se,
1210 2415 1245 2468 se
1263 2403 1363 2490 pte-2·-
1454 2383 1455 2410 ¹

261 2531 317 2598 qus
330 2511 481 2596 faciunt,
512 2511 546 2576 s'n
573 2533 632 2598 qoe
660 2523 728 2578 eret
753 2512 854 2598 aliqui
879 2523 1042 2598 quaestus,
1072 2511 1130 2576 aad
1157 2516 1184 2576 is
1214 2512 1365 2577 honestus

260 2629 349 2706 atque
370 2639 547 2698 concessus,
560 2617 754 2704 frumentum
767 2619 909 2704 quonum
924 2620 1018 2686 estias
1033 2631 1108 2698 oroi,
1129 2641 1174 2686 ue
1194 2624 1364 2700 emisses,

262 2725 447 2814 sumpsisses
467 2725 502 2792 id
528 2749 739 2810 nummorum,
772 2725 855 2814 quod
885 2727 943 2794 ubi
970 2740 1094 2794 senatus
1123 2728 1215 2792 euzae
1242 2729 1365 2793 nemim

261 2833 494 2920 concesserat).“
544 2833 606 2902 His
628 2833 751 2902 addidit
773 2832 951 2902 Grammat
973 2839 1003 2918 ξ.
1026 2839 1083 2900 351
1107 2859 1140 2901 n.
1162 2841 1192 2900 4.
1214 2833 1287 2899 Fin.
1311 2835 1365 2902 IV

262 2949 312 3026 20,
328 2945 367 3010 67
390 2941 495 3030 (Quid
516 2941 618 3031 igitur
638 2944 743 3011 voluit
764 2943 826 3011 sibi
848 2942 903 3032 qui
917 2945 973 3010 illa
989 2940 1189 3010 mutaverit?
1234 2939 1364 3008 Saltem

262 3047 382 3138 sliquid
404 3048 445 3116 de
466 3050 609 3137 pendere
630 3053 808 3118 detraxisset
829 3061 862 3118 et
877 3053 983 3138 paullo
997 3051 1132 3118 minoris
1145 3051 1364 3116 aestimavsssst

262 3177 300 3220 ee
321 3175 419 3242 quam
440 3155 676 3243 Peripatetici).
719 3158 869 3224 Halmius
896 3157 937 3222 ad
967 3157 1035 3226 Oic.
1058 3183 1089 3248 p.
1112 3157 1196 3226 Seet
1218 3158 1238 3223 l.
1259 3181 1287 3224 c.
1311 3165 1362 3240 24,

260 3264 300 3328 45
340 3258 480 3346 (Quodsi
510 3261 590 3328 meis
628 3261 838 3329 incommodis
868 3264 1088 3350 laetabantur,
1128 3265 1216 3333 urbis
1251 3275 1361 3332 temen

261 3370 404 3462 periculo
427 3370 692 3455 commoverentur)
716 3370 758 3438 ad
780 3368 847 3437 Cic.
867 3393 897 3458 p.
916 3369 1008 3438 Sulla
1031 3379 1060 3456 8,
1075 3379 1115 3440 25
1138 3373 1200 3458 (At
1220 3375 1257 3457 si,
1273 3373 1361 3460 judi·

261 3505 325 3567 ces,
348 3481 463 3550 ceteris
484 3477 626 3569 patriciis
646 3499 699 3544 me
720 3487 753 3544 et
773 3499 832 3545 vos
851 3479 1041 3567 peregsinos
1062 3481 1167 3548 videri
1185 3489 1360 3571 oporteret,

261 3591 469 3680 aTcrquato
491 3598 599 3656 tamen
620 3586 681 3654 hoc
707 3587 822 3654 vitium
844 3587 996 3674 doctor)
1029 3611 1036 3654 ε
1066 3612 1098 3678 p.
1121 3588 1217 3658 Caec.
1242 3595 1296 3674 16,
1316 3595 1359 3656 46

262 3699 323 3784 (At
345 3721 408 3788 ego
429 3699 492 3766 hoo
514 3695 605 3779 dico,
641 3693 697 3761 si.
719 3743 727 3760 .
750 3743 758 3761 .
780 3696 994 3782 discessisset,
1028 3696 1178 3765 dubitare
1204 3720 1264 3764 vos
1292 3719 1359 3766 non

258 3803 407 3872 debuisse
436 3856 443 3874 .
472 3855 479 3871 .
508 3828 532 3890 .;
565 3805 615 3871 sin
642 3851 650 3868 .
680 3853 687 3871 .
716 3853 724 3868 .
754 3805 955 3889 recessisset,
985 3828 1023 3874 eo
1051 3805 1158 3873 minus
1185 3807 1359 3874 dubitaretis

261 3909 469 4002 [quemquem
497 3915 528 3980 h.
557 3913 578 3980 l.
606 3911 680 4001 pari
702 3912 778 3998 jure
810 3911 947 4002 simplici
976 3914 1219 3983 confirmatione
1250 3925 1360 3982 orator

255 4018 402 4109 judicum
424 4021 549 4088 animos
577 4040 736 4108 occupare
767 4023 892 4088 censeri
919 4031 1042 4110 potest,
1075 4045 1173 4114 quam
1199 4023 1359 4092 hortando

260 4126 419 4218 movere])
449 4128 484 4198 in
514 4129 608 4195 Verr.
630 4128 667 4196 II
688 4132 748 4212 23,
769 4127 810 4193 57
842 4126 945 4216 (Quid
973 4129 1060 4200 enim
1089 4129 1200 4198 debuit
1227 4140 1357 4219 praetor

260 4235 392 4307 facere?
417 4288 425 4305 .
448 4285 456 4305 .
477 4257 542 4304 non
563 4234 651 4302 etin
672 4257 761 4318 eum,
796 4233 852 4324 qui
874 4238 1071 4328 accepisset,
1093 4239 1357 4306 animaduertisset
