<?xml version="1.0" encoding="UTF-8"?>
<!DOCTYPE html PUBLIC "-//W3C//DTD XHTML 1.0 Transitional//EN"
    "http://www.w3.org/TR/xhtml1/DTD/xhtml1-transitional.dtd">
<html xmlns="http://www.w3.org/1999/xhtml" xml:lang="en" lang="en">
 <head>
  <title>
</title>
<meta http-equiv="Content-Type" content="text/html;charset=utf-8" />
  <meta name='ocr-system' content='tesseract 3.04.00' />
  <meta name='ocr-capabilities' content='ocr_page ocr_carea ocr_par ocr_line ocrx_word'/>
</head>
<body>
  <div class='ocr_page' id='page_1' title='image "./meletemataplaut00umpfgoog_0024.png"; bbox 0 0 2946 4870; ppageno 0'>
   <div class='ocr_carea' id='block_1_1' title="bbox 1197 385 1234 448">
    <p class='ocr_par' dir='ltr' id='par_1_1' title="bbox 1197 385 1234 448">
     <span class='ocr_line' id='line_1_1' title="bbox 1197 385 1234 448; baseline -0.027 0"><span class='ocrx_word' id='word_1_1' title='bbox 1197 385 1234 448; x_wconf 86' lang='grc'>13</span> 
     </span>
    </p>
   </div>
   <div class='ocr_carea' id='block_1_2' title="bbox 138 547 1242 978">
    <p class='ocr_par' dir='ltr' id='par_1_2' title="bbox 138 547 1242 978">
     <span class='ocr_line' id='line_1_2' title="bbox 138 547 1236 654; baseline -0.006 -20"><span class='ocrx_word' id='word_1_2' title='bbox 138 568 283 635; x_wconf 85' lang='lat' dir='ltr'>credulos</span> <span class='ocrx_word' id='word_1_3' title='bbox 304 591 312 632; x_wconf 74' lang='grc' dir='ltr'><strong>ε</strong></span> <span class='ocrx_word' id='word_1_4' title='bbox 333 590 410 633; x_wconf 83' lang='lat' dir='ltr'>nem</span> <span class='ocrx_word' id='word_1_5' title='bbox 431 565 615 633; x_wconf 73' lang='lat' dir='ltr'>constantie</span> <span class='ocrx_word' id='word_1_6' title='bbox 635 564 776 654; x_wconf 82' lang='lat' dir='ltr'>quedem</span> <span class='ocrx_word' id='word_1_7' title='bbox 798 587 921 630; x_wconf 79' lang='lat' dir='ltr'>errasse</span> <span class='ocrx_word' id='word_1_8' title='bbox 943 587 998 630; x_wconf 89' lang='lat' dir='ltr'>eos</span> <span class='ocrx_word' id='word_1_9' title='bbox 1019 585 1084 631; x_wconf 91' lang='lat' dir='ltr'>non</span> <span class='ocrx_word' id='word_1_10' title='bbox 1106 547 1236 630; x_wconf 76' lang='lat' dir='ltr'>difficile</span> 
     </span>
     <span class='ocr_line' id='line_1_3' title="bbox 139 671 1236 742; baseline -0.004 -1"><span class='ocrx_word' id='word_1_11' title='bbox 139 685 189 742; x_wconf 87' lang='lat' dir='ltr'>est</span> <span class='ocrx_word' id='word_1_12' title='bbox 209 675 440 740; x_wconf 80' lang='lat' dir='ltr'>demonstratu.</span> <span class='ocrx_word' id='word_1_13' title='bbox 482 672 627 739; x_wconf 90' lang='lat' dir='ltr'>Primum</span> <span class='ocrx_word' id='word_1_14' title='bbox 648 671 732 738; x_wconf 87' lang='lat' dir='ltr'>enim</span> <span class='ocrx_word' id='word_1_15' title='bbox 760 674 793 738; x_wconf 91' lang='lat' dir='ltr'>D</span> <span class='ocrx_word' id='word_1_16' title='bbox 821 673 949 738; x_wconf 79' lang='lat' dir='ltr'><strong>litterae</strong></span> <span class='ocrx_word' id='word_1_17' title='bbox 971 671 1143 737; x_wconf 83' lang='lat' dir='ltr'>similitudo</span> <span class='ocrx_word' id='word_1_18' title='bbox 1163 671 1236 738; x_wconf 86' lang='lat' dir='ltr'>son&#39;·</span> 
     </span>
     <span class='ocr_line' id='line_1_4' title="bbox 139 777 1235 869; baseline -0.002 -21"><span class='ocrx_word' id='word_1_19' title='bbox 139 783 254 848; x_wconf 84' lang='lat' dir='ltr'>bentes</span> <span class='ocrx_word' id='word_1_20' title='bbox 282 782 435 849; x_wconf 83' lang='lat' dir='ltr'>inducere</span> <span class='ocrx_word' id='word_1_21' title='bbox 461 790 602 869; x_wconf 82' lang='lat' dir='ltr'>poterat,</span> <span class='ocrx_word' id='word_1_22' title='bbox 627 790 665 847; x_wconf 93' lang='lat' dir='ltr'>ut</span> <span class='ocrx_word' id='word_1_23' title='bbox 692 803 751 869; x_wconf 89' lang='lat' dir='ltr'>pro</span> <span class='ocrx_word' id='word_1_24' title='bbox 772 780 806 846; x_wconf 88' lang='lat' dir='ltr'>A</span> <span class='ocrx_word' id='word_1_25' title='bbox 827 781 880 845; x_wconf 89' lang='lat' dir='ltr'>vel</span> <span class='ocrx_word' id='word_1_26' title='bbox 903 777 933 847; x_wconf 94' lang='grc' dir='ltr'><strong>Ο</strong></span> <span class='ocrx_word' id='word_1_27' title='bbox 956 779 1104 868; x_wconf 77' lang='lat' dir='ltr'>sequenti</span> <span class='ocrx_word' id='word_1_28' title='bbox 1130 779 1235 866; x_wconf 86' lang='lat' dir='ltr'>primo</span> 
     </span>
     <span class='ocr_line' id='line_1_5' title="bbox 139 885 1242 978; baseline -0.005 -22"><span class='ocrx_word' id='word_1_29' title='bbox 139 900 272 978; x_wconf 82' lang='lat' dir='ltr'>sspeotu</span> <span class='ocrx_word' id='word_1_30' title='bbox 301 889 428 978; x_wconf 86' lang='lat' dir='ltr'>decepti</span> <span class='ocrx_word' id='word_1_31' title='bbox 457 889 545 954; x_wconf 85' lang='lat' dir='ltr'>illem</span> <span class='ocrx_word' id='word_1_32' title='bbox 568 899 748 954; x_wconf 82' lang='lat' dir='ltr'>exererent</span> <span class='ocrx_word' id='word_1_33' title='bbox 791 885 919 952; x_wconf 77' lang='lat' dir='ltr'>Deinde</span> <span class='ocrx_word' id='word_1_34' title='bbox 940 895 976 954; x_wconf 92' lang='lat' dir='ltr'>ut</span> <span class='ocrx_word' id='word_1_35' title='bbox 998 887 1186 974; x_wconf 78' lang='lat' dir='ltr'>fraudandi</span> <span class='ocrx_word' id='word_1_36' title='bbox 1204 896 1242 952; x_wconf 87' lang='lat' dir='ltr'>et</span> 
     </span>
    </p>
   </div>
   <div class='ocr_carea' id='block_1_3' title="bbox 138 994 1238 2478">
    <p class='ocr_par' dir='ltr' id='par_1_3' title="bbox 138 994 1238 2478">
     <span class='ocr_line' id='line_1_6' title="bbox 140 994 1234 1083; baseline -0.004 -21"><span class='ocrx_word' id='word_1_37' title='bbox 140 997 358 1083; x_wconf 65' lang='lat' dir='ltr'>dffrostdondt&#39;</span> <span class='ocrx_word' id='word_1_38' title='bbox 383 997 484 1062; x_wconf 82' lang='lat' dir='ltr'>verba</span> <span class='ocrx_word' id='word_1_39' title='bbox 508 995 706 1062; x_wconf 78' lang='lat' dir='ltr'>commisceri</span> <span class='ocrx_word' id='word_1_40' title='bbox 727 996 830 1060; x_wconf 81' lang='lat' dir='ltr'>solent</span> <span class='ocrx_word' id='word_1_41' title='bbox 848 994 883 1061; x_wconf 87' lang='lat' dir='ltr'>in</span> <span class='ocrx_word' id='word_1_42' title='bbox 905 995 994 1061; x_wconf 88' lang='lat' dir='ltr'>libris</span> <span class='ocrx_word' id='word_1_43' title='bbox 1015 997 1061 1076; x_wconf 84' lang='lat' dir='ltr'>(v.</span> <span class='ocrx_word' id='word_1_44' title='bbox 1082 994 1234 1060; x_wconf 82' lang='lat' dir='ltr'>Ritsohel.</span> 
     </span>
     <span class='ocr_line' id='line_1_7' title="bbox 138 1103 1236 1192; baseline -0.004 -22"><span class='ocrx_word' id='word_1_45' title='bbox 138 1105 307 1192; x_wconf 81' lang='lat' dir='ltr'>Perergon</span> <span class='ocrx_word' id='word_1_46' title='bbox 328 1105 347 1170; x_wconf 95' lang='lat' dir='ltr'>I</span> <span class='ocrx_word' id='word_1_47' title='bbox 369 1106 453 1190; x_wconf 78' lang='lat'>540),</span> <span class='ocrx_word' id='word_1_48' title='bbox 484 1104 530 1170; x_wconf 83' lang='lat' dir='ltr'>ite</span> <span class='ocrx_word' id='word_1_49' title='bbox 556 1104 693 1192; x_wconf 82' lang='lat' dir='ltr'>simplex</span> <span class='ocrx_word' id='word_1_50' title='bbox 719 1127 792 1170; x_wconf 88' lang='lat' dir='ltr'>omo</span> <span class='ocrx_word' id='word_1_51' title='bbox 815 1104 868 1170; x_wconf 90' lang='lat' dir='ltr'>hic</span> <span class='ocrx_word' id='word_1_52' title='bbox 887 1103 954 1170; x_wconf 88' lang='lat' dir='ltr'>illic</span> <span class='ocrx_word' id='word_1_53' title='bbox 976 1103 1087 1170; x_wconf 80' lang='lat' dir='ltr'>deamo</span> <span class='ocrx_word' id='word_1_54' title='bbox 1108 1121 1236 1190; x_wconf 91' lang='lat' dir='ltr'>oompo-</span> 
     </span>
     <span class='ocr_line' id='line_1_8' title="bbox 140 1211 1236 1300; baseline -0.004 -22"><span class='ocrx_word' id='word_1_55' title='bbox 140 1211 201 1278; x_wconf 88' lang='lat' dir='ltr'>sito</span> <span class='ocrx_word' id='word_1_56' title='bbox 231 1212 340 1278; x_wconf 90' lang='lat' dir='ltr'>locum</span> <span class='ocrx_word' id='word_1_57' title='bbox 370 1213 504 1300; x_wconf 86' lang='lat' dir='ltr'>eripuit,</span> <span class='ocrx_word' id='word_1_58' title='bbox 534 1212 687 1278; x_wconf 82' lang='lat' dir='ltr'>initialem</span> <span class='ocrx_word' id='word_1_59' title='bbox 716 1213 756 1278; x_wconf 82' lang='lat' dir='ltr'>ad</span> <span class='ocrx_word' id='word_1_60' title='bbox 777 1212 970 1278; x_wconf 82' lang='lat' dir='ltr'>antecedens</span> <span class='ocrx_word' id='word_1_61' title='bbox 991 1231 1169 1299; x_wconf 88' lang='lat' dir='ltr'>pronomen</span> <span class='ocrx_word' id='word_1_62' title='bbox 1185 1231 1236 1275; x_wconf 82' lang='lat' dir='ltr'>re-</span> 
     </span>
     <span class='ocr_line' id='line_1_9' title="bbox 139 1317 1237 1408; baseline 0 -25"><span class='ocrx_word' id='word_1_63' title='bbox 139 1317 278 1384; x_wconf 87' lang='lat' dir='ltr'>mittens.</span> <span class='ocrx_word' id='word_1_64' title='bbox 326 1320 477 1408; x_wconf 87' lang='lat' dir='ltr'>Denique</span> <span class='ocrx_word' id='word_1_65' title='bbox 508 1320 617 1389; x_wconf 89' lang='lat' dir='ltr'>neseio</span> <span class='ocrx_word' id='word_1_66' title='bbox 645 1343 687 1384; x_wconf 85' lang='lat' dir='ltr'>en</span> <span class='ocrx_word' id='word_1_67' title='bbox 718 1319 897 1407; x_wconf 80' lang='lat' dir='ltr'>imperitiae</span> <span class='ocrx_word' id='word_1_68' title='bbox 925 1319 1154 1386; x_wconf 80' lang='lat' dir='ltr'>monachorum</span> <span class='ocrx_word' id='word_1_69' title='bbox 1182 1319 1237 1384; x_wconf 84' lang='lat' dir='ltr'>tri·</span> 
     </span>
     <span class='ocr_line' id='line_1_10' title="bbox 139 1425 1236 1514; baseline 0.001 -24"><span class='ocrx_word' id='word_1_70' title='bbox 139 1425 304 1490; x_wconf 86' lang='lat' dir='ltr'>buendum</span> <span class='ocrx_word' id='word_1_71' title='bbox 325 1426 375 1509; x_wconf 89' lang='lat' dir='ltr'>sit,</span> <span class='ocrx_word' id='word_1_72' title='bbox 397 1425 484 1514; x_wconf 90' lang='lat' dir='ltr'>quod</span> <span class='ocrx_word' id='word_1_73' title='bbox 505 1427 606 1492; x_wconf 83' lang='lat' dir='ltr'>verbo</span> <span class='ocrx_word' id='word_1_74' title='bbox 627 1427 828 1494; x_wconf 77' lang='lat' dir='ltr'>substantivo</span> <span class='ocrx_word' id='word_1_75' title='bbox 844 1449 940 1514; x_wconf 85' lang='lat' dir='ltr'>saepe</span> <span class='ocrx_word' id='word_1_76' title='bbox 955 1429 992 1490; x_wconf 84' lang='lat' dir='ltr'>de</span> <span class='ocrx_word' id='word_1_77' title='bbox 1012 1435 1123 1492; x_wconf 81' lang='lat' dir='ltr'>contre</span> <span class='ocrx_word' id='word_1_78' title='bbox 1141 1425 1236 1492; x_wconf 82' lang='lat' dir='ltr'>retio-</span> 
     </span>
     <span class='ocr_line' id='line_1_11' title="bbox 139 1533 1237 1622; baseline -0.001 -23"><span class='ocrx_word' id='word_1_79' title='bbox 139 1553 214 1599; x_wconf 89' lang='lat' dir='ltr'>nem</span> <span class='ocrx_word' id='word_1_80' title='bbox 249 1535 492 1622; x_wconf 78' lang='lat' dir='ltr'>praefigebant,</span> <span class='ocrx_word' id='word_1_81' title='bbox 535 1533 709 1622; x_wconf 84' lang='lat' dir='ltr'>scriptione</span> <span class='ocrx_word' id='word_1_82' title='bbox 743 1533 905 1600; x_wconf 87' lang='lat' dir='ltr'>interdum</span> <span class='ocrx_word' id='word_1_83' title='bbox 940 1534 1237 1621; x_wconf 79' lang='lat' dir='ltr'>pronuntiationem</span> 
     </span>
     <span class='ocr_line' id='line_1_12' title="bbox 139 1640 1236 1730; baseline 0 -24"><span class='ocrx_word' id='word_1_84' title='bbox 139 1650 295 1728; x_wconf 87' lang='lat' dir='ltr'>sequente</span> <span class='ocrx_word' id='word_1_85' title='bbox 315 1640 370 1726; x_wconf 85' lang='lat' dir='ltr'>(cf.</span> <span class='ocrx_word' id='word_1_86' title='bbox 392 1641 463 1707; x_wconf 91' lang='lat' dir='ltr'>Vel.</span> <span class='ocrx_word' id='word_1_87' title='bbox 486 1641 592 1728; x_wconf 85' lang='lat' dir='ltr'>Long.</span> <span class='ocrx_word' id='word_1_88' title='bbox 613 1665 648 1730; x_wconf 88' lang='lat' dir='ltr'>p.</span> <span class='ocrx_word' id='word_1_89' title='bbox 673 1645 752 1706; x_wconf 82' lang='grc'>2227</span> <span class='ocrx_word' id='word_1_90' title='bbox 776 1640 901 1708; x_wconf 87' lang='lat' dir='ltr'>emend.</span> <span class='ocrx_word' id='word_1_91' title='bbox 924 1663 943 1705; x_wconf 84' lang='lat' dir='ltr'>a</span> <span class='ocrx_word' id='word_1_92' title='bbox 963 1641 1172 1706; x_wconf 78' lang='lat' dir='ltr'>Lachmanno</span> <span class='ocrx_word' id='word_1_93' title='bbox 1194 1641 1236 1706; x_wconf 83' lang='lat' dir='ltr'>ed</span> 
     </span>
     <span class='ocr_line' id='line_1_13' title="bbox 139 1746 1237 1837; baseline -0.002 -25"><span class='ocrx_word' id='word_1_94' title='bbox 139 1746 236 1814; x_wconf 89' lang='lat' dir='ltr'>Luor.</span> <span class='ocrx_word' id='word_1_95' title='bbox 259 1771 290 1835; x_wconf 93' lang='lat' dir='ltr'>p.</span> <span class='ocrx_word' id='word_1_96' title='bbox 314 1751 377 1831; x_wconf 92' lang='grc'>20).</span> <span class='ocrx_word' id='word_1_97' title='bbox 421 1749 519 1816; x_wconf 90' lang='lat' dir='ltr'>Unde</span> <span class='ocrx_word' id='word_1_98' title='bbox 542 1771 630 1815; x_wconf 89' lang='lat' dir='ltr'>error</span> <span class='ocrx_word' id='word_1_99' title='bbox 657 1749 754 1837; x_wconf 81' lang='lat' dir='ltr'>paulo</span> <span class='ocrx_word' id='word_1_100' title='bbox 781 1748 876 1814; x_wconf 83' lang='lat' dir='ltr'>letius</span> <span class='ocrx_word' id='word_1_101' title='bbox 906 1769 1033 1836; x_wconf 86' lang='lat' dir='ltr'>serpere</span> <span class='ocrx_word' id='word_1_102' title='bbox 1060 1747 1154 1813; x_wconf 79' lang='lat' dir='ltr'>facile</span> <span class='ocrx_word' id='word_1_103' title='bbox 1182 1767 1237 1835; x_wconf 92' lang='lat' dir='ltr'>po·</span> 
     </span>
     <span class='ocr_line' id='line_1_14' title="bbox 139 1854 1238 1943; baseline 0 -23"><span class='ocrx_word' id='word_1_104' title='bbox 139 1865 232 1920; x_wconf 85' lang='lat' dir='ltr'>teret.</span> <span class='ocrx_word' id='word_1_105' title='bbox 276 1855 394 1943; x_wconf 89' lang='lat' dir='ltr'>Neque</span> <span class='ocrx_word' id='word_1_106' title='bbox 415 1857 456 1922; x_wconf 84' lang='lat' dir='ltr'>eb</span> <span class='ocrx_word' id='word_1_107' title='bbox 478 1855 615 1922; x_wconf 82' lang='lat' dir='ltr'>aliorum</span> <span class='ocrx_word' id='word_1_108' title='bbox 634 1854 866 1922; x_wconf 83' lang='lat' dir='ltr'>vocabulorum</span> <span class='ocrx_word' id='word_1_109' title='bbox 889 1855 979 1922; x_wconf 88' lang='lat' dir='ltr'>exitu</span> <span class='ocrx_word' id='word_1_110' title='bbox 1001 1855 1168 1921; x_wconf 77' lang='lat' dir='ltr'>exclusum</span> <span class='ocrx_word' id='word_1_111' title='bbox 1189 1863 1238 1920; x_wconf 86' lang='lat' dir='ltr'>est</span> 
     </span>
     <span class='ocr_line' id='line_1_15' title="bbox 141 1961 1236 2051; baseline 0 -23"><span class='ocrx_word' id='word_1_112' title='bbox 141 1983 310 2028; x_wconf 88' lang='lat' dir='ltr'>erroneum</span> <span class='ocrx_word' id='word_1_113' title='bbox 332 1961 614 2028; x_wconf 80' lang='lat' dir='ltr'>additamentum:</span> <span class='ocrx_word' id='word_1_114' title='bbox 636 1962 697 2028; x_wconf 90' lang='lat' dir='ltr'>nisi</span> <span class='ocrx_word' id='word_1_115' title='bbox 719 1962 791 2051; x_wconf 87' lang='lat' dir='ltr'>quis</span> <span class='ocrx_word' id='word_1_116' title='bbox 818 1985 890 2028; x_wconf 90' lang='lat' dir='ltr'>cum</span> <span class='ocrx_word' id='word_1_117' title='bbox 912 1961 1030 2028; x_wconf 89' lang='lat' dir='ltr'>Bothio</span> <span class='ocrx_word' id='word_1_118' title='bbox 1052 1962 1093 2028; x_wconf 87' lang='lat' dir='ltr'>ed</span> <span class='ocrx_word' id='word_1_119' title='bbox 1114 1961 1236 2050; x_wconf 90' lang='lat' dir='ltr'>Amph.</span> 
     </span>
     <span class='ocr_line' id='line_1_16' title="bbox 143 2068 1237 2158; baseline -0.001 -24"><span class='ocrx_word' id='word_1_120' title='bbox 143 2075 201 2134; x_wconf 85' lang='lat'>149</span> <span class='ocrx_word' id='word_1_121' title='bbox 227 2071 308 2136; x_wconf 79' lang='lat' dir='ltr'>telis</span> <span class='ocrx_word' id='word_1_122' title='bbox 328 2093 530 2158; x_wconf 89' lang='lat' dir='ltr'>concoquere</span> <span class='ocrx_word' id='word_1_123' title='bbox 550 2069 645 2151; x_wconf 88' lang='lat' dir='ltr'>velit,</span> <span class='ocrx_word' id='word_1_124' title='bbox 674 2069 781 2158; x_wconf 83' lang='lat' dir='ltr'>quelie</span> <span class='ocrx_word' id='word_1_125' title='bbox 808 2078 882 2135; x_wconf 91' lang='lat' dir='ltr'>sunt</span> <span class='ocrx_word' id='word_1_126' title='bbox 901 2070 1029 2156; x_wconf 83' lang='lat' dir='ltr'>potovid</span> <span class='ocrx_word' id='word_1_127' title='bbox 1047 2071 1100 2135; x_wconf 76' lang='lat' dir='ltr'>odi</span> <span class='ocrx_word' id='word_1_128' title='bbox 1117 2068 1237 2134; x_wconf 75' lang='lat' dir='ltr'>Bacch.</span> 
     </span>
     <span class='ocr_line' id='line_1_17' title="bbox 143 2175 1237 2264; baseline 0.001 -24"><span class='ocrx_word' id='word_1_129' title='bbox 143 2180 231 2259; x_wconf 87' lang='lat'>1080,</span> <span class='ocrx_word' id='word_1_130' title='bbox 252 2177 305 2242; x_wconf 86' lang='lat' dir='ltr'>vel</span> <span class='ocrx_word' id='word_1_131' title='bbox 327 2177 431 2264; x_wconf 80' lang='lat' dir='ltr'>magis</span> <span class='ocrx_word' id='word_1_132' title='bbox 452 2175 569 2243; x_wconf 83' lang='lat' dir='ltr'>rationi</span> <span class='ocrx_word' id='word_1_133' title='bbox 591 2177 814 2243; x_wconf 81' lang='lat' dir='ltr'>convenientia</span> <span class='ocrx_word' id='word_1_134' title='bbox 835 2179 945 2263; x_wconf 63' lang='lat' dir='ltr'>moqed</span> <span class='ocrx_word' id='word_1_135' title='bbox 962 2179 1062 2244; x_wconf 73' lang='lat' dir='ltr'>insitii</span> <span class='ocrx_word' id='word_1_136' title='bbox 1085 2175 1179 2258; x_wconf 81' lang='lat' dir='ltr'>(cist.</span> <span class='ocrx_word' id='word_1_137' title='bbox 1201 2176 1237 2242; x_wconf 93' lang='grc' dir='ltr'>Π</span> 
     </span>
     <span class='ocr_line' id='line_1_18' title="bbox 140 2281 1237 2370; baseline 0.001 -22"><span class='ocrx_word' id='word_1_138' title='bbox 140 2289 170 2366; x_wconf 86' lang='lat'>3,</span> <span class='ocrx_word' id='word_1_139' title='bbox 190 2283 256 2367; x_wconf 89' lang='grc'>39),</span> <span class='ocrx_word' id='word_1_140' title='bbox 280 2284 382 2368; x_wconf 72' lang='lat' dir='ltr'>proed</span> <span class='ocrx_word' id='word_1_141' title='bbox 409 2283 549 2370; x_wconf 80' lang='lat' dir='ltr'>equidem</span> <span class='ocrx_word' id='word_1_142' title='bbox 579 2281 691 2368; x_wconf 80' lang='lat' dir='ltr'>(Cure.</span> <span class='ocrx_word' id='word_1_143' title='bbox 713 2283 828 2368; x_wconf 63' lang='lat'>5888),</span> <span class='ocrx_word' id='word_1_144' title='bbox 858 2287 976 2350; x_wconf 68' lang='lat' dir='ltr'>ortatui</span> <span class='ocrx_word' id='word_1_145' title='bbox 994 2285 1038 2350; x_wconf 79' lang='lat' dir='ltr'>s&#39;s‘e</span> <span class='ocrx_word' id='word_1_146' title='bbox 1067 2283 1183 2369; x_wconf 87' lang='lat' dir='ltr'>(Mero.</span> <span class='ocrx_word' id='word_1_147' title='bbox 1205 2283 1237 2349; x_wconf 93' lang='lat' dir='ltr'>V</span> 
     </span>
     <span class='ocr_line' id='line_1_19' title="bbox 140 2390 1236 2478; baseline 0 -22"><span class='ocrx_word' id='word_1_148' title='bbox 140 2396 170 2474; x_wconf 81' lang='lat'>4,</span> <span class='ocrx_word' id='word_1_149' title='bbox 193 2390 248 2474; x_wconf 88' lang='grc'>23)</span> <span class='ocrx_word' id='word_1_150' title='bbox 268 2399 300 2456; x_wconf 88' lang='lat' dir='ltr'>et</span> <span class='ocrx_word' id='word_1_151' title='bbox 323 2413 406 2478; x_wconf 81' lang='lat' dir='ltr'>quae</span> <span class='ocrx_word' id='word_1_152' title='bbox 428 2390 470 2456; x_wconf 84' lang='lat' dir='ltr'>ed</span> <span class='ocrx_word' id='word_1_153' title='bbox 489 2391 570 2456; x_wconf 84' lang='lat' dir='ltr'>haec</span> <span class='ocrx_word' id='word_1_154' title='bbox 592 2392 742 2478; x_wconf 76' lang='lat' dir='ltr'>exempla</span> <span class='ocrx_word' id='word_1_155' title='bbox 769 2391 833 2457; x_wconf 83' lang='lat' dir='ltr'>elie</span> <span class='ocrx_word' id='word_1_156' title='bbox 857 2390 1060 2457; x_wconf 80' lang='lat' dir='ltr'>incredibilia</span> <span class='ocrx_word' id='word_1_157' title='bbox 1087 2391 1236 2475; x_wconf 80' lang='lat' dir='ltr'>novevit3</span> 
     </span>
    </p>
   </div>
   <div class='ocr_carea' id='block_1_4' title="bbox 139 2497 1377 2586">
    <p class='ocr_par' dir='ltr' id='par_1_4' title="bbox 139 2497 1377 2586">
     <span class='ocr_line' id='line_1_20' title="bbox 139 2497 1377 2586; baseline 0.002 -25"><span class='ocrx_word' id='word_1_158' title='bbox 139 2498 192 2564; x_wconf 90' lang='lat' dir='ltr'>vel</span> <span class='ocrx_word' id='word_1_159' title='bbox 213 2497 299 2586; x_wconf 92' lang='lat' dir='ltr'>quod</span> <span class='ocrx_word' id='word_1_160' title='bbox 320 2498 438 2564; x_wconf 90' lang='lat' dir='ltr'>nostris</span> <span class='ocrx_word' id='word_1_161' title='bbox 459 2498 569 2564; x_wconf 86' lang='lat' dir='ltr'>formis</span> <span class='ocrx_word' id='word_1_162' title='bbox 591 2498 765 2585; x_wconf 83' lang='lat' dir='ltr'>gemellum</span> <span class='ocrx_word' id='word_1_163' title='bbox 788 2520 829 2564; x_wconf 86' lang='lat' dir='ltr'>ex</span> <span class='ocrx_word' id='word_1_164' title='bbox 849 2499 966 2565; x_wconf 83' lang='lat' dir='ltr'>Plauto</span> <span class='ocrx_word' id='word_1_165' title='bbox 992 2499 1122 2564; x_wconf 79' lang='lat' dir='ltr'>exulare</span> <span class='ocrx_word' id='word_1_166' title='bbox 1140 2498 1238 2584; x_wconf 88' lang='lat' dir='ltr'>jussit</span> <span class='ocrx_word' id='word_1_167' title='bbox 1372 2569 1377 2574; x_wconf 68' lang='grc'><strong>,</strong></span> 
     </span>
    </p>
   </div>
   <div class='ocr_carea' id='block_1_5' title="bbox 138 2605 1289 4308">
    <p class='ocr_par' dir='ltr' id='par_1_5' title="bbox 138 2605 1289 4308">
     <span class='ocr_line' id='line_1_21' title="bbox 141 2605 1237 2696; baseline -0.001 -25"><span class='ocrx_word' id='word_1_168' title='bbox 141 2605 297 2672; x_wconf 85' lang='lat' dir='ltr'>Ritsohel.</span> <span class='ocrx_word' id='word_1_169' title='bbox 323 2605 411 2672; x_wconf 89' lang='lat' dir='ltr'>Prol.</span> <span class='ocrx_word' id='word_1_170' title='bbox 432 2630 463 2694; x_wconf 92' lang='lat' dir='ltr'>p.</span> <span class='ocrx_word' id='word_1_171' title='bbox 486 2612 521 2671; x_wconf 87' lang='lat'>91</span> <span class='ocrx_word' id='word_1_172' title='bbox 547 2606 603 2672; x_wconf 85' lang='lat' dir='ltr'>sed</span> <span class='ocrx_word' id='word_1_173' title='bbox 624 2605 706 2692; x_wconf 89' lang='lat' dir='ltr'>(Mil.</span> <span class='ocrx_word' id='word_1_174' title='bbox 733 2607 836 2691; x_wconf 78' lang='grc'>1272).</span> <span class='ocrx_word' id='word_1_175' title='bbox 879 2606 1084 2696; x_wconf 79' lang='lat' dir='ltr'>Quamquam</span> <span class='ocrx_word' id='word_1_176' title='bbox 1112 2629 1237 2690; x_wconf 81' lang='lat' dir='ltr'>verear,</span> 
     </span>
     <span class='ocr_line' id='line_1_22' title="bbox 139 2713 1237 2802; baseline 0.001 -24"><span class='ocrx_word' id='word_1_177' title='bbox 139 2735 180 2778; x_wconf 91' lang='lat' dir='ltr'>ne</span> <span class='ocrx_word' id='word_1_178' title='bbox 202 2714 300 2778; x_wconf 86' lang='lat' dir='ltr'>etiem</span> <span class='ocrx_word' id='word_1_179' title='bbox 321 2713 516 2779; x_wconf 90' lang='lat' dir='ltr'>Ritsohelius</span> <span class='ocrx_word' id='word_1_180' title='bbox 544 2714 733 2780; x_wconf 86' lang='lat' dir='ltr'>clementior</span> <span class='ocrx_word' id='word_1_181' title='bbox 761 2735 830 2780; x_wconf 88' lang='lat' dir='ltr'>esse</span> <span class='ocrx_word' id='word_1_182' title='bbox 857 2715 937 2780; x_wconf 87' lang='lat' dir='ltr'>velit</span> <span class='ocrx_word' id='word_1_183' title='bbox 957 2715 989 2779; x_wconf 91' lang='lat' dir='ltr'>in</span> <span class='ocrx_word' id='word_1_184' title='bbox 1012 2715 1045 2779; x_wconf 91' lang='lat' dir='ltr'>D</span> <span class='ocrx_word' id='word_1_185' title='bbox 1066 2713 1237 2802; x_wconf 82' lang='lat' dir='ltr'>perugogi-</span> 
     </span>
     <span class='ocr_line' id='line_1_23' title="bbox 139 2819 1237 2909; baseline -0.001 -23"><span class='ocrx_word' id='word_1_186' title='bbox 139 2843 222 2903; x_wconf 83' lang='lat' dir='ltr'>cum,</span> <span class='ocrx_word' id='word_1_187' title='bbox 242 2819 303 2884; x_wconf 90' lang='lat' dir='ltr'>nisi</span> <span class='ocrx_word' id='word_1_188' title='bbox 326 2843 373 2903; x_wconf 86' lang='lat' dir='ltr'>ee,</span> <span class='ocrx_word' id='word_1_189' title='bbox 396 2843 480 2909; x_wconf 84' lang='lat' dir='ltr'>quoe</span> <span class='ocrx_word' id='word_1_190' title='bbox 496 2821 576 2906; x_wconf 90' lang='lat' dir='ltr'>jecit</span> <span class='ocrx_word' id='word_1_191' title='bbox 597 2820 682 2887; x_wconf 89' lang='lat' dir='ltr'>Mus.</span> <span class='ocrx_word' id='word_1_192' title='bbox 705 2821 809 2886; x_wconf 89' lang='lat' dir='ltr'>Rhen.</span> <span class='ocrx_word' id='word_1_193' title='bbox 830 2821 884 2888; x_wconf 90' lang='lat' dir='ltr'>IX</span> <span class='ocrx_word' id='word_1_194' title='bbox 902 2826 939 2887; x_wconf 88' lang='grc'>19</span> <span class='ocrx_word' id='word_1_195' title='bbox 953 2822 987 2886; x_wconf 89' lang='lat' dir='ltr'>in</span> <span class='ocrx_word' id='word_1_196' title='bbox 1003 2823 1138 2886; x_wconf 86' lang='lat' dir='ltr'>eltersm</span> <span class='ocrx_word' id='word_1_197' title='bbox 1159 2843 1237 2909; x_wconf 76' lang='lat' dir='ltr'>quo</span> 
     </span>
     <span class='ocr_line' id='line_1_24' title="bbox 141 2923 1237 3015; baseline 0.003 -22"><span class='ocrx_word' id='word_1_198' title='bbox 141 2950 203 3015; x_wconf 89' lang='lat' dir='ltr'>que</span> <span class='ocrx_word' id='word_1_199' title='bbox 229 2937 355 3015; x_wconf 81' lang='lat' dir='ltr'>partem</span> <span class='ocrx_word' id='word_1_200' title='bbox 382 2927 528 3014; x_wconf 85' lang='lat' dir='ltr'>intellegi</span> <span class='ocrx_word' id='word_1_201' title='bbox 558 2928 692 3014; x_wconf 76' lang='lat' dir='ltr'>possint</span> <span class='ocrx_word' id='word_1_202' title='bbox 743 2928 840 3009; x_wconf 76' lang='lat' dir='ltr'>Quod</span> <span class='ocrx_word' id='word_1_203' title='bbox 870 2938 978 2994; x_wconf 82' lang='lat' dir='ltr'>autem</span> <span class='ocrx_word' id='word_1_204' title='bbox 1008 2923 1237 2996; x_wconf 77' lang='lat' dir='ltr'>Lachmannus</span> 
     </span>
     <span class='ocr_line' id='line_1_25' title="bbox 140 3034 1098 3122; baseline 0.001 -23"><span class='ocrx_word' id='word_1_205' title='bbox 140 3034 182 3110; x_wconf 71' lang='lat' dir='ltr'>sd</span> <span class='ocrx_word' id='word_1_206' title='bbox 203 3034 334 3100; x_wconf 86' lang='lat' dir='ltr'>Lucret</span> <span class='ocrx_word' id='word_1_207' title='bbox 356 3058 388 3122; x_wconf 90' lang='lat' dir='ltr'>p.</span> <span class='ocrx_word' id='word_1_208' title='bbox 411 3039 472 3098; x_wconf 83' lang='lat'>386</span> <span class='ocrx_word' id='word_1_209' title='bbox 494 3034 583 3100; x_wconf 83' lang='lat' dir='ltr'>Trin.</span> <span class='ocrx_word' id='word_1_210' title='bbox 607 3041 667 3100; x_wconf 90' lang='lat'>386</span> <span class='ocrx_word' id='word_1_211' title='bbox 688 3034 788 3101; x_wconf 85' lang='lat' dir='ltr'>libros</span> <span class='ocrx_word' id='word_1_212' title='bbox 810 3044 941 3101; x_wconf 88' lang='lat' dir='ltr'>secutus</span> <span class='ocrx_word' id='word_1_213' title='bbox 961 3034 1071 3102; x_wconf 86' lang='lat' dir='ltr'>scribit</span> <span class='ocrx_word' id='word_1_214' title='bbox 1090 3059 1098 3100; x_wconf 76' lang='lat' dir='ltr'>z</span> 
     </span>
     <span class='ocr_line' id='line_1_26' title="bbox 179 3131 1195 3230; baseline 0 -22"><span class='ocrx_word' id='word_1_215' title='bbox 179 3133 243 3208; x_wconf 89' lang='lat' dir='ltr'>A&#39;d</span> <span class='ocrx_word' id='word_1_216' title='bbox 257 3152 364 3229; x_wconf 87' lang='lat' dir='ltr'>ceput,</span> <span class='ocrx_word' id='word_1_217' title='bbox 379 3142 480 3208; x_wconf 85' lang='lat' dir='ltr'>amnis</span> <span class='ocrx_word' id='word_1_218' title='bbox 495 3131 587 3230; x_wconf 81' lang='lat' dir='ltr'>qud&#39;d</span> <span class='ocrx_word' id='word_1_219' title='bbox 599 3167 642 3209; x_wconf 85' lang='lat' dir='ltr'>ex</span> <span class='ocrx_word' id='word_1_220' title='bbox 656 3144 745 3212; x_wconf 83' lang='lat' dir='ltr'>caelo</span> <span class='ocrx_word' id='word_1_221' title='bbox 761 3143 904 3212; x_wconf 80' lang='lat' dir='ltr'>exoritur</span> <span class='ocrx_word' id='word_1_222' title='bbox 918 3143 978 3210; x_wconf 88' lang='lat' dir='ltr'>sub</span> <span class='ocrx_word' id='word_1_223' title='bbox 992 3144 1072 3210; x_wconf 81' lang='lat' dir='ltr'>solio</span> <span class='ocrx_word' id='word_1_224' title='bbox 1081 3143 1106 3212; x_wconf 84' lang='lat' dir='ltr'>J</span> <span class='ocrx_word' id='word_1_225' title='bbox 1107 3143 1175 3208; x_wconf 88' lang='lat' dir='ltr'>ovis</span> <span class='ocrx_word' id='word_1_226' title='bbox 1187 3167 1195 3208; x_wconf 77' lang='grc' dir='ltr'>ι</span> 
     </span>
     <span class='ocr_line' id='line_1_27' title="bbox 138 3248 1238 3338; baseline 0.004 -26"><span class='ocrx_word' id='word_1_227' title='bbox 138 3248 172 3313; x_wconf 93' lang='lat' dir='ltr'>in</span> <span class='ocrx_word' id='word_1_228' title='bbox 201 3270 239 3314; x_wconf 89' lang='lat' dir='ltr'>eo</span> <span class='ocrx_word' id='word_1_229' title='bbox 266 3249 319 3316; x_wconf 85' lang='lat' dir='ltr'>vel</span> <span class='ocrx_word' id='word_1_230' title='bbox 345 3249 394 3314; x_wconf 87' lang='lat' dir='ltr'>vis</span> <span class='ocrx_word' id='word_1_231' title='bbox 423 3273 506 3338; x_wconf 87' lang='lat' dir='ltr'>quse</span> <span class='ocrx_word' id='word_1_232' title='bbox 533 3250 675 3316; x_wconf 79' lang='lat' dir='ltr'>ablativo</span> <span class='ocrx_word' id='word_1_233' title='bbox 704 3252 808 3316; x_wconf 90' lang='lat' dir='ltr'>inesse</span> <span class='ocrx_word' id='word_1_234' title='bbox 836 3251 933 3317; x_wconf 90' lang='lat' dir='ltr'>debet</span> <span class='ocrx_word' id='word_1_235' title='bbox 953 3250 1017 3317; x_wconf 90' lang='lat' dir='ltr'>loci</span> <span class='ocrx_word' id='word_1_236' title='bbox 1037 3253 1090 3316; x_wconf 83' lang='lat' dir='ltr'>ubi</span> <span class='ocrx_word' id='word_1_237' title='bbox 1114 3251 1238 3317; x_wconf 83' lang='lat' dir='ltr'>dubita-</span> 
     </span>
     <span class='ocr_line' id='line_1_28' title="bbox 138 3355 1235 3448; baseline 0.001 -28"><span class='ocrx_word' id='word_1_238' title='bbox 138 3355 259 3422; x_wconf 86' lang='lat' dir='ltr'>tionem</span> <span class='ocrx_word' id='word_1_239' title='bbox 280 3356 379 3441; x_wconf 85' lang='lat' dir='ltr'>inicit,</span> <span class='ocrx_word' id='word_1_240' title='bbox 403 3360 523 3447; x_wconf 91' lang='lat' dir='ltr'>quippe</span> <span class='ocrx_word' id='word_1_241' title='bbox 541 3381 625 3447; x_wconf 80' lang='lat' dir='ltr'>quae</span> <span class='ocrx_word' id='word_1_242' title='bbox 639 3381 714 3442; x_wconf 91' lang='lat' dir='ltr'>uno,</span> <span class='ocrx_word' id='word_1_243' title='bbox 737 3358 825 3447; x_wconf 93' lang='lat' dir='ltr'>quod</span> <span class='ocrx_word' id='word_1_244' title='bbox 840 3359 949 3442; x_wconf 81' lang='lat' dir='ltr'>eciem,</span> <span class='ocrx_word' id='word_1_245' title='bbox 965 3382 1070 3448; x_wconf 91' lang='lat' dir='ltr'>eoque</span> <span class='ocrx_word' id='word_1_246' title='bbox 1085 3367 1235 3445; x_wconf 85' lang='lat' dir='ltr'>suspecto</span> 
     </span>
     <span class='ocr_line' id='line_1_29' title="bbox 139 3461 1237 3548; baseline 0.002 -20"><span class='ocrx_word' id='word_1_247' title='bbox 139 3461 248 3530; x_wconf 83' lang='lat' dir='ltr'>Plnuti</span> <span class='ocrx_word' id='word_1_248' title='bbox 267 3464 355 3548; x_wconf 87' lang='lat' dir='ltr'>loco,</span> <span class='ocrx_word' id='word_1_249' title='bbox 383 3466 483 3532; x_wconf 89' lang='lat' dir='ltr'>Mero.</span> <span class='ocrx_word' id='word_1_250' title='bbox 506 3471 567 3532; x_wconf 87' lang='lat'>889</span> <span class='ocrx_word' id='word_1_251' title='bbox 588 3475 620 3532; x_wconf 85' lang='lat' dir='ltr'>et</span> <span class='ocrx_word' id='word_1_252' title='bbox 642 3466 766 3533; x_wconf 90' lang='lat' dir='ltr'>duobus</span> <span class='ocrx_word' id='word_1_253' title='bbox 787 3464 1023 3548; x_wconf 80' lang='lat' dir='ltr'>Ciceronianis,</span> <span class='ocrx_word' id='word_1_254' title='bbox 1053 3465 1093 3532; x_wconf 93' lang='lat' dir='ltr'>de</span> <span class='ocrx_word' id='word_1_255' title='bbox 1114 3464 1178 3530; x_wconf 90' lang='lat' dir='ltr'>div.</span> <span class='ocrx_word' id='word_1_256' title='bbox 1201 3464 1237 3530; x_wconf 90' lang='lat' dir='ltr'>H</span> 
     </span>
     <span class='ocr_line' id='line_1_30' title="bbox 139 3571 1289 3661; baseline -0.001 -25"><span class='ocrx_word' id='word_1_257' title='bbox 139 3575 190 3653; x_wconf 84' lang='lat'>66,</span> <span class='ocrx_word' id='word_1_258' title='bbox 214 3576 272 3637; x_wconf 79' lang='lat'>135</span> <span class='ocrx_word' id='word_1_259' title='bbox 295 3582 327 3637; x_wconf 89' lang='lat' dir='ltr'>et</span> <span class='ocrx_word' id='word_1_260' title='bbox 348 3573 390 3638; x_wconf 84' lang='lat' dir='ltr'>ed</span> <span class='ocrx_word' id='word_1_261' title='bbox 409 3571 479 3638; x_wconf 87' lang='lat' dir='ltr'>Att.</span> <span class='ocrx_word' id='word_1_262' title='bbox 494 3573 650 3657; x_wconf 89' lang='lat' dir='ltr'>V111·10‚</span> <span class='ocrx_word' id='word_1_263' title='bbox 673 3573 730 3661; x_wconf 88' lang='lat' dir='ltr'>qui</span> <span class='ocrx_word' id='word_1_264' title='bbox 751 3573 831 3640; x_wconf 83' lang='lat' dir='ltr'>elius</span> <span class='ocrx_word' id='word_1_265' title='bbox 849 3575 977 3661; x_wconf 86' lang='lat' dir='ltr'>generis</span> <span class='ocrx_word' id='word_1_266' title='bbox 1000 3582 1083 3656; x_wconf 88' lang='lat' dir='ltr'>sunt,</span> <span class='ocrx_word' id='word_1_267' title='bbox 1104 3571 1237 3637; x_wconf 88' lang='lat' dir='ltr'>nitetur.</span> <span class='ocrx_word' id='word_1_268' title='bbox 1286 3577 1289 3582; x_wconf 89' lang='lat'>&#39;</span> 
     </span>
     <span class='ocr_line' id='line_1_31' title="bbox 223 3678 1238 3767; baseline 0.001 -25"><span class='ocrx_word' id='word_1_269' title='bbox 223 3681 251 3744; x_wconf 83' lang='lat'>7.</span> <span class='ocrx_word' id='word_1_270' title='bbox 286 3679 420 3745; x_wconf 79' lang='lat' dir='ltr'>Talibus</span> <span class='ocrx_word' id='word_1_271' title='bbox 441 3680 540 3767; x_wconf 86' lang='lat' dir='ltr'>igitur</span> <span class='ocrx_word' id='word_1_272' title='bbox 563 3680 700 3746; x_wconf 88' lang='lat' dir='ltr'>testibus</span> <span class='ocrx_word' id='word_1_273' title='bbox 730 3681 836 3747; x_wconf 86' lang='lat' dir='ltr'>edhuo</span> <span class='ocrx_word' id='word_1_274' title='bbox 863 3681 1020 3747; x_wconf 85' lang='lat' dir='ltr'>creditum</span> <span class='ocrx_word' id='word_1_275' title='bbox 1049 3688 1098 3744; x_wconf 89' lang='lat' dir='ltr'>est</span> <span class='ocrx_word' id='word_1_276' title='bbox 1118 3678 1238 3744; x_wconf 83' lang='lat' dir='ltr'>latinos</span> 
     </span>
     <span class='ocr_line' id='line_1_32' title="bbox 139 3785 1238 3874; baseline -0.002 -22"><span class='ocrx_word' id='word_1_277' title='bbox 139 3808 210 3852; x_wconf 87' lang='lat' dir='ltr'>esse</span> <span class='ocrx_word' id='word_1_278' title='bbox 231 3785 432 3860; x_wconf 66' lang='lat' dir='ltr'>accusativos</span> <span class='ocrx_word' id='word_1_279' title='bbox 453 3789 523 3853; x_wconf 83' lang='lat' dir='ltr'>med</span> <span class='ocrx_word' id='word_1_280' title='bbox 542 3796 574 3853; x_wconf 90' lang='lat' dir='ltr'>et</span> <span class='ocrx_word' id='word_1_281' title='bbox 595 3787 646 3852; x_wconf 83' lang='lat' dir='ltr'>ted</span> <span class='ocrx_word' id='word_1_282' title='bbox 667 3811 675 3852; x_wconf 90' lang='lat'><strong>:</strong></span> <span class='ocrx_word' id='word_1_283' title='bbox 697 3786 823 3853; x_wconf 89' lang='lat' dir='ltr'>duobus</span> <span class='ocrx_word' id='word_1_284' title='bbox 844 3788 962 3870; x_wconf 87' lang='lat' dir='ltr'>titulis,</span> <span class='ocrx_word' id='word_1_285' title='bbox 992 3807 1129 3874; x_wconf 89' lang='lat' dir='ltr'>quorum</span> <span class='ocrx_word' id='word_1_286' title='bbox 1156 3786 1238 3852; x_wconf 81' lang='lat' dir='ltr'>alter</span> 
     </span>
     <span class='ocr_line' id='line_1_33' title="bbox 138 3892 1236 3984; baseline 0 -25"><span class='ocrx_word' id='word_1_287' title='bbox 138 3918 179 3960; x_wconf 91' lang='lat' dir='ltr'>ne</span> <span class='ocrx_word' id='word_1_288' title='bbox 200 3894 271 3962; x_wconf 81' lang='lat' dir='ltr'>aliis</span> <span class='ocrx_word' id='word_1_289' title='bbox 293 3892 425 3984; x_wconf 90' lang='lat' dir='ltr'>quidem</span> <span class='ocrx_word' id='word_1_290' title='bbox 445 3894 569 3960; x_wconf 89' lang='lat' dir='ltr'>mendis</span> <span class='ocrx_word' id='word_1_291' title='bbox 590 3895 764 3962; x_wconf 84' lang='lat' dir='ltr'>levioribus</span> <span class='ocrx_word' id='word_1_292' title='bbox 786 3905 877 3961; x_wconf 77' lang='lat' dir='ltr'>caret</span> <span class='ocrx_word' id='word_1_293' title='bbox 894 3904 927 3960; x_wconf 92' lang='lat' dir='ltr'>et</span> <span class='ocrx_word' id='word_1_294' title='bbox 940 3895 1077 3960; x_wconf 86' lang='lat' dir='ltr'>formem</span> <span class='ocrx_word' id='word_1_295' title='bbox 1091 3895 1236 3983; x_wconf 82' lang='lat' dir='ltr'>praebet,</span> 
     </span>
     <span class='ocr_line' id='line_1_34' title="bbox 139 4001 1238 4091; baseline 0 -23"><span class='ocrx_word' id='word_1_296' title='bbox 139 4025 237 4091; x_wconf 80' lang='lat' dir='ltr'>quem</span> <span class='ocrx_word' id='word_1_297' title='bbox 258 4003 312 4068; x_wconf 88' lang='lat' dir='ltr'>vel</span> <span class='ocrx_word' id='word_1_298' title='bbox 340 4001 497 4069; x_wconf 81' lang='lat' dir='ltr'>sPlsuto</span> <span class='ocrx_word' id='word_1_299' title='bbox 524 4023 634 4068; x_wconf 81' lang='lat' dir='ltr'>arcere</span> <span class='ocrx_word' id='word_1_300' title='bbox 660 4003 850 4086; x_wconf 88' lang='lat' dir='ltr'>voluerunt,</span> <span class='ocrx_word' id='word_1_301' title='bbox 879 4003 962 4068; x_wconf 79' lang='lat' dir='ltr'>ulter</span> <span class='ocrx_word' id='word_1_302' title='bbox 987 4001 1159 4090; x_wconf 84' lang='lat' dir='ltr'>inscriptus</span> <span class='ocrx_word' id='word_1_303' title='bbox 1188 4009 1238 4068; x_wconf 86' lang='lat' dir='ltr'>est</span> 
     </span>
     <span class='ocr_line' id='line_1_35' title="bbox 138 4109 1237 4200; baseline -0.001 -23"><span class='ocrx_word' id='word_1_304' title='bbox 138 4111 180 4177; x_wconf 85' lang='lat' dir='ltr'>sb</span> <span class='ocrx_word' id='word_1_305' title='bbox 201 4112 330 4178; x_wconf 89' lang='lat' dir='ltr'>homine</span> <span class='ocrx_word' id='word_1_306' title='bbox 352 4132 417 4177; x_wconf 90' lang='lat' dir='ltr'>non</span> <span class='ocrx_word' id='word_1_307' title='bbox 438 4109 557 4195; x_wconf 85' lang='lat' dir='ltr'>letino;</span> <span class='ocrx_word' id='word_1_308' title='bbox 586 4110 711 4178; x_wconf 90' lang='lat' dir='ltr'>duobus</span> <span class='ocrx_word' id='word_1_309' title='bbox 733 4111 968 4198; x_wconf 76' lang='lat' dir='ltr'>grammaticis,</span> <span class='ocrx_word' id='word_1_310' title='bbox 1001 4133 1140 4200; x_wconf 85' lang='lat' dir='ltr'>quorum</span> <span class='ocrx_word' id='word_1_311' title='bbox 1161 4111 1237 4176; x_wconf 81' lang='lat' dir='ltr'>alte</span> 
     </span>
     <span class='ocr_line' id='line_1_36' title="bbox 138 4217 1239 4308; baseline -0.003 -24"><span class='ocrx_word' id='word_1_312' title='bbox 138 4218 205 4284; x_wconf 86' lang='lat' dir='ltr'>rius</span> <span class='ocrx_word' id='word_1_313' title='bbox 226 4219 259 4286; x_wconf 89' lang='lat' dir='ltr'>in</span> <span class='ocrx_word' id='word_1_314' title='bbox 281 4219 391 4288; x_wconf 87' lang='lat' dir='ltr'>codiee</span> <span class='ocrx_word' id='word_1_315' title='bbox 412 4219 612 4286; x_wconf 84' lang='lat' dir='ltr'>desideretur</span> <span class='ocrx_word' id='word_1_316' title='bbox 640 4241 721 4302; x_wconf 87' lang='lat' dir='ltr'>vox,</span> <span class='ocrx_word' id='word_1_317' title='bbox 750 4217 791 4284; x_wconf 93' lang='lat' dir='ltr'>de</span> <span class='ocrx_word' id='word_1_318' title='bbox 814 4242 879 4308; x_wconf 81' lang='lat' dir='ltr'>qus</span> <span class='ocrx_word' id='word_1_319' title='bbox 902 4219 1077 4307; x_wconf 78' lang='lat' dir='ltr'>judicavit,</span> <span class='ocrx_word' id='word_1_320' title='bbox 1107 4217 1239 4286; x_wconf 73' lang='lat' dir='ltr'>ulterius</span> 
     </span>
    </p>
   </div>
   <div class='ocr_carea' id='block_1_6' title="bbox 0 0 1480 4870">
    <p class='ocr_par' dir='ltr' id='par_1_6' title="bbox 0 0 1480 4870">
     <span class='ocr_line' id='line_1_37' title="bbox 0 0 1480 4870; baseline 0 0"><span class='ocrx_word' id='word_1_321' title='bbox 0 0 1480 4870; x_wconf 95' lang='lat' dir='ltr'> </span> 
     </span>
    </p>
   </div>
  </div>
 </body>
</html>
