2946 4870
252 381 293 442 36

249 553 368 622 Catuli.
397 561 454 640 22,
486 560 523 620 10
556 553 709 622 Suffenus
742 555 863 642 ,imus
896 555 1104 642 capninuiqua
1134 569 1188 621 out
1213 557 1358 642 fosacr“

248 663 426 750 appellatus
455 663 511 742 sit;
547 685 623 728 nam
655 662 852 750 praestantia
885 661 1014 751 quidem
1046 672 1185 750 augetur
1217 664 1359 732 unitatis

248 769 448 854 accessione,
476 770 643 838 hominum
666 780 791 854 autem,
824 769 879 858 qui
899 770 1026 835 numeri
1048 779 1143 854 sunt,
1175 771 1285 838 vilitas
1322 774 1359 838 in

142 948 145 958 Α
251 881 412 946 communi
433 889 529 963 sorte,
551 903 649 968 quarn
669 903 743 944 cum
765 877 927 967 plerisque
941 879 1147 968 participant,
1170 880 1354 966 consistit);

251 987 308 1054 sed
328 987 474 1053 subsellii
490 987 596 1052 locum
618 1008 699 1074 opus
720 1008 785 1052 non
807 995 855 1051 est
876 986 1055 1053 accuratius
1073 985 1218 1072 definire,
1240 1010 1357 1074 quam-

250 1119 349 1186 quam
368 1094 438 1160 fieri
457 1103 596 1182 poterat,
618 1103 655 1160 ut
676 1091 772 1181 Oapt.
794 1094 852 1158 471
877 1118 885 1159 :

349 1203 426 1268 Non
447 1211 614 1268 morantur
629 1201 701 1288 jem
721 1200 868 1268 Lacones
888 1202 946 1266 imi
964 1201 1090 1267 subscllt'
1114 1202 1201 1267 viros

251 1311 337 1377 Nam
358 1331 434 1376 cum
455 1309 603 1376 dominus
625 1331 761 1393 scurras,
782 1309 943 1398 siquidem
964 1309 998 1374 in
1020 1309 1230 1375 convivarum
1244 1331 1359 1376 nume·

249 1441 322 1484 rum
342 1440 398 1484 eos
420 1419 564 1506 recipere
586 1418 690 1501 libuit,
714 1440 823 1484 secum
843 1416 876 1483 in
897 1417 962 1484 imo
983 1417 1066 1484 lecto
1087 1417 1209 1484 habere
1230 1418 1358 1484 soleret

251 1525 348 1614 (Hor.
372 1524 440 1594 Sat
462 1526 549 1611 118,
572 1533 622 1594 40.
665 1527 769 1614 Epist
792 1525 810 1590 I
834 1531 881 1608 18,
907 1523 970 1610 10),
996 1547 1073 1592 sanc
1092 1547 1158 1591 non
1180 1535 1229 1592 est
1250 1526 1356 1592 credi·
1451 1547 1452 1590 z

249 1634 314 1702 bile
344 1656 418 1701 eum
447 1633 655 1702 convivarum
677 1633 896 1700 commoditati
917 1633 963 1698 ita
984 1655 1050 1698 non
1072 1633 1287 1718 consuluisse,
1319 1644 1357 1700 ut
1451 1637 1452 1680 ἒ

251 1741 292 1808 ed
313 1743 456 1830 ipsorum
482 1743 580 1828 pedes
608 1742 791 1830 disponeret
819 1741 979 1828 parasitos
1000 1764 1008 1804 :
1029 1741 1147 1830 quibus
1176 1765 1242 1808 non
1268 1741 1356 1808 alius

249 1859 378 1937 poterat
405 1873 474 1916 csse
502 1851 611 1932 locus,
638 1851 665 1915 si
694 1851 723 1916 ei
753 1849 830 1938 quid
856 1849 899 1916 ad
922 1873 1035 1916 cenam
1055 1851 1162 1917 vocati
1184 1860 1277 1918 eraut
1296 1875 1356 1918 nc·

250 1957 419 2024 venerium
440 1979 609 2022 numerum
630 1958 820 2044 explebant,
850 1980 949 2045 quam
976 1968 1109 2045 propter
1129 1958 1233 2046 ipsum
1254 1959 1356 2025 domi-

249 2087 335 2130 num.
393 2063 467 2146 Quo
502 2063 604 2152 igitur
639 2065 711 2131 loco
746 2064 774 2130 is
810 2063 865 2152 qui
901 2065 1089 2152 simpliciter
1125 2067 1271 2132 subsellii
1301 2069 1356 2132 os'r

251 2173 433 2261 appellatur
455 2172 660 2262 quaerendus
683 2173 732 2255 sit,
755 2193 813 2259 per
835 2195 869 2238 se
885 2182 1026 2260 apparet.
1068 2171 1185 2260 Itaque
1200 2197 1242 2240 ex
1256 2175 1355 2241 codd.

250 2287 303 2347 uni
320 2304 386 2348 non
409 2281 566 2348 efficimus
586 2285 645 2364 imi,
671 2279 728 2346 sed
756 2279 843 2346 aliud
871 2281 973 2345 latere
1002 2280 1212 2366 suspicamur.
1256 2281 1357 2363 Quod

253 2388 347 2476 quale
369 2389 420 2473 sit,
442 2389 545 2476 magis
567 2369 736 2470 elucescet,
760 2386 786 2452 si
809 2387 1035 2452 contulerimus
1057 2411 1096 2492 Vk
1112 2393 1181 2470 699,
1212 2391 1269 2456 ubi
1291 2412 1356 2457 ser-

251 2517 311 2560 vus
333 2507 570 2583 compotentem
593 2519 722 2562 servum
743 2494 883 2560 invitans
904 2494 1085 2582 interrogat
1107 2519 1114 2560 :

800 2602 956 2667 Potiusne
977 2602 1010 2666 in
1032 2603 1183 2670 subsellio

354 2697 485 2798 Oy'nicc
506 2709 709 2797 accipiamur,
733 2731 831 2796 quam
851 2708 884 2774 iu
906 2708 1027 2775 lectis?

252 2817 336 2885 Inde
358 2818 441 2883 enim
464 2819 611 2907 cynicam
632 2817 719 2884 illam
740 2816 1006 2884 consuetudinem
1028 2818 1124 2884 etiam
1146 2828 1257 2884 nostro
1279 2819 1355 2884 loco

253 2927 429 3014 significari
449 2947 564 2994 censeo
586 2936 619 2993 et
640 2926 809 2992 rescribo:

354 3033 425 3102 Scis
446 3039 510 3100 tuto
530 3059 578 3100 me
599 3055 668 3100 ease
691 3029 841 3121 [olentiae]
864 3031 995 3098 subselli
1017 3031 1130 3113 vnum,

253 3142 361 3205 canica
389 3141 409 3203 i.
437 3164 465 3205 e.
494 3142 638 3215 κυνικώς.
688 3139 828 3223 Etenim,
858 3149 894 3205 ut
922 3138 1053 3208 Saturio
1080 3139 1237 3227 praecipit
1264 3141 1353 3206 Pers.

255 3253 313 3312 123
336 3271 343 3312 :
367 3247 534 3333 ,Cynicum
561 3253 626 3312 esse
647 3257 776 3332 epactam
797 3248 911 3332 oportet
925 3247 1105 3333 parasitum
1124 3247 1250 3332 probc“.
1292 3249 1355 3316 Est

254 3365 363 3422 autem
384 3354 481 3421 etiam
502 3354 617 3420 tertius
639 3355 728 3420 locus
750 3355 783 3420 in
805 3353 932 3438 Sticho,
961 3356 1017 3422 ubi
1038 3355 1163 3422 vitiosa
1176 3355 1268 3422 codd.
1291 3356 1354 3424 lec·

254 3464 300 3532 tio
322 3464 363 3530 ad
387 3463 522 3530 similem
544 3463 802 3529 emendationem
823 3463 940 3530 ducere
962 3463 1100 3530 videtur.
1142 3463 1229 3530 Nam
1246 3487 1277 3530 v.
1292 3469 1352 3532 615

254 3572 430 3660 parasitum
451 3581 584 3660 propter
601 3570 726 3658 justum
758 3569 968 3638 convivarum
995 3593 1163 3636 numerum
1190 3573 1352 3659 expletum

256 3690 353 3748 antee
372 3681 534 3769 repulsum
554 3702 640 3745 nova
661 3701 718 3767 spe
740 3678 888 3746 frustrari
909 3679 1024 3768 incipit
1045 3678 1257 3766 Epignomus,
1288 3679 1352 3768 qui,

254 3796 428 3874 postquam
450 3811 543 3854 aures
566 3809 599 3854 se
622 3786 651 3852 ei
670 3788 828 3876 praebere
849 3787 945 3852 homo
963 3786 1147 3874 neglectam
1163 3785 1351 3874 dignitatem

254 3914 353 3978 aegre
373 3894 481 3960 ferens
503 3895 658 3962 indicavit
677 3895 777 3962 verbo
799 3917 807 3958 ε
830 3893 967 3978 ,Poscc“
990 3894 1035 3960 sic
1050 3896 1158 3984 pergit
1179 3919 1187 3960 ε
1210 3895 1354 3981 ,Edepol

252 4001 315 4078 tibi
332 4005 440 4086 opinor
462 4004 553 4070 etiam
574 4006 751 4070 collocem
772 4002 947 4088 conspicor,
976 3992 1049 4068 Uet
1066 4003 1185 4068 cubea“.

336 4107 490 4194 Explevit
500 4132 630 4176 versum
638 4133 785 4178 mancum
796 4111 836 4177 R.
848 4110 1017 4178 scribendo
1027 4132 1035 4174 ε
1047 4110 1126 4194 ,ani
1137 4111 1234 4174 locum
1247 4131 1350 4176 annm

254 4215 446 4305 acceptumst,
456 4214 568 4284 Fleck.
579 4223 655 4302 „coi
667 4219 766 4287 boum
780 4240 868 4286 csse
883 4215 1071 4303 ccaapa‘ccr“.
1093 4215 1179 4282 Tum
1188 4217 1350 4306 pergitur:

757 4524 821 4560 F
