2946 4870
1166 375 1206 436 45

111 551 208 634 Quod
229 552 279 618 bis
293 551 462 641 Eulychus
483 551 606 618 invehit
627 551 661 616 in
682 558 890 618 excusantem
911 576 919 618 :
943 553 1065 636 „libiam
1079 553 1208 638 loquare,

110 661 233 746 lumm“,
256 669 367 748 aptum
389 670 437 726 est
457 659 525 726 irae
545 658 682 728 rixantis
708 656 932 726 adulescentis.
975 659 1015 726 V.
1038 660 1076 726 27
1099 668 1208 725 autem

110 769 225 834 leniter
246 777 388 835 mutatus
409 767 522 834 scitam
544 767 781 855 oppositionem
798 765 967 855 praebebit
981 765 1208 834 antecedentis.

111 877 152 942 Iu
183 898 246 963 quo
276 899 347 942 cum
376 877 614 962 interrogatum
633 875 689 959 sit,
722 875 748 940 si
768 874 877 941 senilis
899 875 1071 963 prudentia
1092 877 1210 942 amoris

111 984 253 1050 illeccbis
274 984 447 1067 irretiatur,
468 984 546 1071 quid
567 983 625 1050 fiat
645 1005 681 1049 re
702 982 831 1070 publica
852 1005 963 1049 eorum
978 984 1111 1050 consilio
1127 1005 1211 1051 com·

15 1073 17 1104 ³
112 1091 210 1158 missa
225 1115 232 1157 :
247 1114 324 1158 sane
346 1091 526 1174 conveniet,
548 1089 575 1156 si
595 1090 716 1156 lasciva
736 1089 900 1158 decentius
915 1100 1004 1158 aetas
1021 1091 1062 1159 ab
1081 1090 1211 1158 Amoris

111 1199 280 1288 provincia
302 1199 378 1267 exul
391 1208 513 1266 temere
531 1221 599 1264 rem
618 1199 780 1287 publicam
796 1199 990 1288 capessitum
1004 1199 1051 1267 ire
1065 1199 1211 1268 dicetur:

154 1307 243 1373 Nam
263 1307 290 1371 si
311 1308 394 1374 istuc
409 1307 464 1394 jus
486 1312 540 1391 sit,
561 1315 691 1374 senecta
711 1316 818 1374 aetate
838 1315 975 1374 scortari
995 1317 1113 1398 patres,

154 1402 231 1483 U'bi
253 1415 318 1480 loci
345 1415 406 1480 siat
427 1435 478 1480 res
500 1435 624 1480 summa
644 1411 804 1501 publica?
825 1433 851 1476 :r
878 1411 938 1497 Ei,
960 1413 1042 1503 perii
1063 1412 1162 1478 miser
1183 1435 1211 1478 2:

154 1511 398 1591 A'dulescentes
419 1527 467 1589 rei
484 1521 643 1609 parandae
664 1521 769 1609 magis
790 1521 896 1588 volent
917 1523 1048 1609 operam
1071 1519 1178 1587 dare:

113 1631 165 1716 jas
193 1631 233 1696 sit
259 1640 348 1696 recte
369 1629 428 1713 R„
462 1627 503 1695 cf.
533 1628 620 1695 Rud.
650 1632 710 1694 978
740 1638 773 1694 et
801 1627 940 1696 eundem
969 1627 1214 1715 conjunctivum

113 1741 247 1806 restitue
267 1740 345 1805 Aul.
359 1737 410 1806 IV
434 1744 480 1822 10,
505 1741 559 1822 173
581 1748 617 1804 ut
639 1747 746 1804 autem
767 1739 859 1803 vobisc
876 1736 1000 1803 scribas
1020 1737 1055 1801 in
1076 1732 1213 1824 apodosi

113 1847 345 1936 hypotheseos,
376 1868 459 1935 quae
488 1845 728 1933 conjunctivum
756 1846 871 1930 habet,
899 1845 978 1911 nihil
1006 1866 1088 1932 opus
1110 1852 1160 1909 est
1179 1843 1213 1908 in

114 1957 148 2021 vi
169 1955 297 2039 modali,
319 1977 402 2043 quae
424 1954 506 2022 inest
527 1954 646 2033 futuro,
679 1953 718 2020 cs.
740 1953 829 2020 Most
850 1956 898 2020 57.
940 1950 1130 2035 Poen.12,
1158 1954 1211 2016 161

115 2086 203 2151 saep.

199 2177 249 2238 22.
283 2169 467 2258 Supersunt
487 2170 558 2253 loci,
580 2170 614 2236 in
635 2169 750 2257 quibus
772 2169 919 2236 codicum
933 2167 1088 2235 memoria
1107 2167 1214 2255 potius

58 2260 61 2264 ⁵
116 2277 278 2346 servanda
299 2288 385 2362 erat,
415 2299 511 2365 quam
540 2276 771 2344 mutationibus
793 2277 941 2343 admissis
961 2276 1137 2342 necessitas
1159 2275 1214 2340 du·

116 2389 185 2456 bias
216 2389 335 2453 formas
371 2386 542 2455 adhibendi
577 2385 791 2473 suscipienda.
847 2387 900 2453 Ita
931 2394 1006 2473 post
1038 2407 1093 2470 ea,
1131 2405 1215 2472 quae

116 2497 346 2563 fleckeisenus
369 2496 467 2565 Jahn.
490 2496 608 2562 Annal.
626 2493 709 2562 LXI
730 2518 762 2583 p.
779 2500 819 2558 20
841 2517 913 2584 sqq.
928 2494 967 2560 de
982 2493 1215 2560 terminationis

115 2606 230 2672 tertiae
249 2604 386 2693 perfecti
404 2627 557 2670 mensura
570 2604 680 2671 docuit
698 2604 787 2670 Pers.
801 2627 833 2669 v.
849 2608 919 2688 280,
943 2601 1215 2692 quemadmodum

117 2712 210 2778 codd.
233 2735 306 2779 eum
327 2713 486 2800 praebent

159 2819 297 2887 Servum
318 2826 468 2909 operam,
496 2819 639 2907 linguam
661 2821 797 2886 liberam
819 2843 892 2886 erus
913 2827 960 2885 mc
975 2819 1073 2905 jussit
1094 2819 1216 2884 habere

118 2928 234 3015 (piasset
257 2951 303 2992 me
330 2929 439 2994 habere
465 2927 511 3012 A)
546 2928 667 2994 bonum
697 2951 827 2994 versum
860 2950 930 2996 csse
961 2949 1027 2992 non
1058 2907 1216 3012 negamus

116 3057 223 3124 neque
253 3058 326 3102 cum
353 3035 540 3101 Hermanno
562 3035 665 3101 Elem.
687 3060 718 3124 p.
745 3040 800 3102 157
830 3061 879 3102 me
905 3035 1014 3101 babere
1034 3036 1134 3121 jussis
1161 3042 1217 3101 aut

117 3167 189 3210 cum
212 3143 252 3209 R.
276 3166 348 3208 erus
359 3143 461 3230 yiaesaa't
481 3143 552 3208 med
570 3142 682 3208 hebere
702 3142 921 3230 praeferimus.

117 3252 163 3319 Et
184 3250 281 3318 Most.
308 3257 387 3318 1109
408 3251 459 3320 Bb
482 3251 591 3338 potius
613 3250 806 3340 sequimur:

159 3361 214 3425 Mc
235 3360 400 3426 emananti
417 3381 444 3425 z:
466 3358 551 3424 Vide
566 3360 610 3424 sis
625 3357 727 3424 satine
742 3361 830 3426 recte
848 3381 856 3423 ε
878 3381 956 3423 num
972 3362 1076 3422 mucci
1090 3354 1217 3421 fluent?

120 3491 217 3556 quam
247 3490 289 3534 ex
316 3492 362 3533 ma
390 3469 541 3551 manmit,
573 3467 660 3554 quod
691 3466 742 3533 Ba
769 3471 816 3548 (et
835 3466 983 3532 similiter
1003 3464 1090 3548 rell.)
1118 3463 1219 3530 habet

121 3597 195 3639 cum
215 3574 254 3640 R.
298 3575 376 3642 Med
396 3577 534 3643 emuncti
551 3573 716 3642 efficimus.

119 3680 214 3770 Oapt.
238 3686 327 3746 240:

159 3787 268 3856 Audio
290 3811 316 3855 ::
338 3790 382 3856 Et
403 3790 574 3878 propterea
595 3789 724 3877 saepius
746 3801 774 3854 ta
794 3797 832 3854 ut
852 3785 1033 3852 memineris
1054 3806 1169 3852 moneo

119 3907 232 3964 cuntm
266 3897 357 3964 codd.
387 3896 515 3980 mech,
546 3907 582 3963 ut
612 3897 774 3984 sequentis
806 3893 963 3962 octonarii
991 3893 1113 3960 formae
1145 3917 1219 3961 eum

118 4005 387 4090 accommodaret,
409 4014 444 4071 ut
457 4003 594 4089 videtur,
611 4008 692 4090 ,ted
711 4018 745 4070 at
763 4007 932 4070 mammetis
946 4002 1066 4068 moneo“
1081 4001 1219 4092 scripsit,

119 4139 192 4182 cum
213 4116 289 4182 huic
310 4114 372 4204 ipsi
393 4114 459 4180 leni
473 4113 726 4201 transpositione
741 4122 775 4180 et
788 4112 929 4180 solennis
944 4111 1022 4178 ordo
1047 4113 1219 4180 verborum

121 4231 155 4289 et
178 4221 356 4311 aequabilis
374 4243 528 4290 numerus
548 4219 731 4294 reddendus
751 4222 793 4288 ait
815 4245 822 4288 :
