2946 4870
1176 386 1236 496 61Ι

120 562 417 653 [10111011ῐὶ10.
445 560 527 650 perf.
556 563 811 644 mumadeertere,
833 562 976 649 pendens
996 561 1049 628 ifle
1070 585 1090 630 a
1110 563 1217 648 debuit,

118 696 141 740 a
163 670 330 738 Ciceronis
351 693 413 738 usu
433 669 593 752 abhorret,
615 669 654 736 oi.
670 667 832 754 Madvigii
853 691 964 756 opusc.
981 669 1018 736 Π
1034 675 1092 738 119
1107 669 1217 761 sqq.]).

120 778 222 846 Ovid.
244 778 343 845 Tusa.
363 777 413 844 IV
433 783 469 861 3,
493 781 534 842 30

163 886 294 970 (Tristis
315 885 374 952 eo?
415 885 589 972 Indignor,
621 883 708 972 quod
729 905 800 950 aum
821 884 882 952 tibi
903 907 1000 952 cauea
1020 885 1149 952 doloris.

162 994 240 1062 Non
261 992 321 1060 esi
343 1002 377 1060 et
397 993 515 1060 amisso
538 992 677 1080 conjuge
699 990 802 1080 digna
813 992 914 1078 fores.

119 1101 191 1190 [ubi
211 1100 371 1189 sententia
397 1123 463 1166 non
490 1099 597 1166 minue
619 1098 841 1166 condicionem
863 1097 1030 1187 admittitl)
1065 1100 1100 1168 in
1120 1099 1214 1166 Verr.

117 1210 229 1302 V23,
249 1213 290 1275 39
312 1208 453 1295 (etiamsi
481 1206 626 1293 precario
657 1216 766 1276 essent
785 1207 933 1294 rogandi,
962 1217 1072 1275 tamen
1099 1207 1141 1274 ab
1170 1208 1216 1274 cis

117 1315 357 1402 repararetur).
399 1314 637 1402 Naegelsbach.
660 1311 730 1380 stit
744 1337 775 1401 p.
790 1320 851 1381 266
867 1315 918 1382 ed.
931 1315 967 1382 H
988 1342 997 1382 z
1018 1314 1089 1383 Oie.
1110 1315 1154 1382 N.
1173 1317 1216 1382 D.

118 1423 175 1492 ΠΙ
196 1431 253 1509 31,
276 1424 315 1490 76
346 1420 485 1509 (Contra
506 1423 601 1489 deum
630 1422 706 1488 lieet
728 1421 895 1509 disputare
916 1423 1059 1491 liberius.
1101 1424 1143 1490 In
1163 1425 1217 1490 ho-

118 1532 244 1600 minum
274 1531 362 1598 vitiis
389 1531 437 1597 aie
466 1552 536 1596 esse
567 1532 703 1618 culpam.
759 1529 841 1596 Eam
869 1530 1007 1598 dedisses
1033 1531 1217 1600 hominibus

119 1641 279 1708 rationem
308 1661 391 1729 quae
418 1640 499 1706 vitia
525 1639 718 1728 culpamque
744 1637 958 1726 excluderet.)
993 1663 1025 1728 p.
1048 1640 1144 1708 domo
1165 1645 1215 1725 51,

120 1755 182 1816 132
202 1748 246 1834 (si
267 1747 345 1837 quid
365 1746 577 1829 deliberares,
607 1746 634 1812 si
656 1746 735 1835 quid
756 1746 815 1814 tibi
841 1758 898 1814 ant
917 1749 1074 1835 piendum
1095 1758 1151 1816 aut
1170 1748 1216 1814 in·

119 1856 316 1926 stitucndum
346 1856 462 1923 fuisset
492 1853 649 1942 religione
675 1853 868 1941 domestice,
907 1867 1029 1941 temen,
1067 1857 1215 1924 instituto

119 1974 320 2034 caeterorum
353 1972 464 2030 vetere
471 2011 481 2047 ,
525 1962 567 2029 ed
594 1963 780 2050 pontificem
806 1965 956 2030 delatum
985 1962 1085 2055 [quod
1107 1987 1216 2055 quam-

120 2096 219 2162 quam
240 2074 337 2158 ,sotir
357 2072 466 2140 uene
495 2094 553 2158 pro
575 2071 698 2156 deferre
719 2072 851 2140 debuisti
869 2071 932 2139 dici
952 2095 1049 2160 posse
1071 2081 1214 2160 apparet,

119 2191 230 2249 temen
258 2203 324 2246 non
349 2181 455 2248 minus
486 2187 561 2267 apte
585 2178 769 2265 opinionem
794 2201 885 2248 suam
909 2179 950 2246 de
977 2202 1016 2246 co
1039 2181 1126 2269 quod
1147 2180 1216 2248 sine

121 2288 220 2358 dubio
240 2289 384 2354 futurum
411 2288 542 2370 luisset,
576 2283 691 2352 Cicero
720 2285 861 2354 indicare
890 2285 1055 2375 poterell).
1097 2287 1152 2354 Ex
1173 2286 1221 2354 eie

122 2419 206 2484 qucc
227 2395 387 2479 Hcaeius,
413 2394 468 2483 qui
493 2416 567 2462 cunr
587 2394 732 2482 Reisigio
754 2397 774 2476 ξ
796 2401 854 2460 301
879 2395 1049 2483 enallagen
1070 2395 1218 2483 agnoscit

120 2527 152 2570 n.
174 2509 250 2588 464,
282 2502 388 2570 ettrrlit
407 2527 439 2568 n.
461 2507 521 2568 461
544 2524 610 2570 non
631 2502 692 2568 nisi
712 2525 742 2590 p.
765 2501 877 2570 Rabir.
899 2503 989 2570 Post.
1016 2510 1067 2588 10,
1090 2508 1130 2570 29
1150 2503 1215 2570 huc

120 2611 258 2698 pertinet
278 2611 474 2696 (Moreretue,
494 2610 641 2698 iuque'es);
662 2634 737 2677 narn
761 2610 857 2678 Auct.
879 2612 1012 2679 adHer.
1034 2611 1084 2678 IV
1105 2618 1145 2678 24
1166 2623 1216 2680 ent

120 2720 349 2807 interrogatio,
381 2720 473 2806 cujus
500 2721 649 2806 exempla
674 2719 934 2808 frequentissima
962 2721 1099 2786 scientes
1124 2741 1215 2807 prae·

119 2827 269 2910 terimus3
297 2828 330 2896 ib
353 2836 461 2893 antem
483 2851 510 2893 c.
532 2830 551 2890 9
576 2827 714 2892 uenirent
741 2837 774 2892 et
794 2840 972 2893 conarentur
999 2837 1110 2914 aperte
1136 2836 1213 2893 eunt

121 2933 318 3002 condicionis
344 2932 573 3023 consequentia
579 2984 589 3017 ,
617 2955 683 3001 non
703 2933 830 3022 jussivi.
872 2933 963 3000 Dicit
985 2937 1070 3001 enim
1097 2943 1214 3018 orator,

120 3044 155 3110 ni
174 3043 215 3109 ab
237 3041 307 3108 aliie
328 3042 450 3108 incitati
471 3051 505 3108 et
525 3041 629 3130 adjuti
649 3050 757 3108 essent
771 3042 850 3107 socii
867 3042 1012 3126 rebelles,
1033 3066 1099 3109 non
1115 3041 1215 3108 fuisse

121 3173 209 3218 arma
236 3160 387 3238 capturos
416 3159 529 3217 contra
554 3151 728 3218 Romanoa
770 3149 923 3239 Denique
946 3150 1066 3239 aliquid
1087 3152 1214 3220 subolu-

121 3268 188 3326 eret
218 3259 259 3326 de
287 3282 327 3326 eo
355 3282 417 3326 usu
443 3258 572 3326 Naelrio
604 3259 645 3326 ad
675 3257 748 3326 Val.
776 3255 849 3326 Cat.
877 3262 917 3325 37
949 3259 1040 3346 (140)
1071 3283 1103 3348 p.
1127 3264 1215 3326 160:

122 3366 202 3452 „oar
227 3391 288 3434 uon
316 3380 344 3434 et
370 3368 448 3434 notai
473 3367 584 3454 facilis
609 3379 720 3434 natare
740 3369 930 3454 scireest,
966 3369 1022 3435 ubi
1049 3376 1213 3434 annotat:

122 3476 225 3562 ,Quid
244 3480 337 3558 enim,
359 3476 563 3562 eifeireet
582 3489 627 3542 eet
647 3500 729 3542 erre
745 3481 956 3563 potuerat?
996 3478 1149 3542 Admoveo
1168 3498 1213 3542 oe.

122 3581 235 3650 coiri.
263 3583 332 3646 447
367 3585 451 3667 „Ar
476 3583 550 3650 telle·
575 3585 680 3650 saltem
712 3586 863 3671 captiuum
895 3586 963 3674 depe
992 3582 1212 3651 uecureec““

123 3687 196 3778 [quo
217 3690 289 3756 loco
310 3689 428 3756 Jacob.
450 3689 493 3757 ad
514 3691 655 3778 Propert
674 3713 706 3779 p.
730 3696 786 3759 165
807 3694 840 3759 ri
857 3691 986 3759 reticeri
1006 3692 1087 3758 inleo
1108 3689 1213 3781 putat]

122 3801 148 3864 ll.
169 3822 193 3863 e.
214 3819 323 3864 necere
342 3800 448 3865 ratem
463 3811 618 3884 potueras.
661 3798 735 3866 Nora
756 3803 901 3868 &urum
922 3812 964 3867 ert
982 3803 1110 3868 adrem
1138 3801 1214 3868 Ver·

121 3907 172 3995 pit.
202 3904 292 3972 VIII
311 3906 380 3970 643
404 3919 476 3991 „,at
495 3907 633 3973 tudertin
646 3908 768 3974 Albaue
787 3909 1004 3976 munerer““
1026 3933 1214 3999 quamquem

123 4015 165 4080 ibi
182 4038 243 4080 nera
263 4026 324 4079 tum
344 4013 431 4080 liciti
448 4037 541 4102 qaam
563 4015 655 4080 detes
673 4016 928 4105 eipruflcatrimem
949 4018 1153 4108 amplectione
1166 4020 1214 4086 iu·

116 4119 184 4208 sert
210 4147 221 4186 .·
253 4135 285 4188 ut
316 4135 348 4188 tu
375 4122 467 4189 dicte'e
496 4147 620 4189 manere
646 4124 792 4203 debebae,·
830 4125 876 4211 of.
899 4127 996 4194 Plnut.
1033 4127 1119 4194 Prin.
1141 4126 1213 4209 12,

124 4231 165 4292 96
186 4229 251 4316 rq.“

961 4335 1014 4396 4*
